5343 7355
2354 1218 2444 1368 payabl
2500 1214 2604 1364 comme
2536 1310 2560 1464 25
2364 1440 2476 1470 contre
2368 1482 2468 1512 provi¬
2528 1448 2568 1598 59
2536 1534 2556 1684 9 5
2518 1574 2552 1728 33
2520 1622 2548 1772 .
2362 1690 2466 1846 Soit...
2516 1696 2564 1846 75
2244 64 3116 214 LE GAULOIS MERCREDI 15 JUILLET 1868
206 253 964 290 gouvernement égyptien, par le développement
208 298 976 334 que les merveilleuses richesses du sol de
200 342 972 378 l'Egypte, notamment la culture des céréales
204 385 960 422 et la production du coton sont appelées à
208 429 960 466 prendre. Au fur et à mesure surtout que ce
208 474 968 510 gouvernement s'initiera aux principes écono¬
208 518 968 554 miques et financiers des nations européennes,
206 562 964 598 ce développement se manifestera de plus en
206 609 294 645 plus.
204 650 970 690 En résumé, le revenu du 10.44 0/0, acquis
196 694 954 734 aux souscripteurs de l'Emprunt Egyptien de
200 744 964 774 1868 n'est pas, par son élévation d'ailleurs
212 782 970 822 relative, une compensation de risques cou¬
196 830 956 866 rus, comme cela n'arrive que trop souvent.
198 874 968 910 L'engagement du gouvernement n'a rien que
210 916 960 954 de normal, il doit le prendre ; il peut le tenir.
682 918 904 1074 L. GAUTIER.
318 5534 844 5690 LE MONDE DES AFFAIRES
470 5614 958 5768 Pérystile de la Bourse, 13 juillet.
198 5754 956 5790 Même mouvement de recul. On dirait que
202 5790 954 5824 la vapeur est renversée, et que le moteur
184 5824 960 5858 tout-puissant, la Rente, retourne en arrière
192 5860 960 5894 pour aller prendre place à une station qu'elle
200 5898 388 5930 a dépassée.
194 5930 946 5966 Songeons, en effet, que nous avons un em¬
186 5966 948 6002 prunt devant nous et que si nous l'émettons
190 6002 950 6038 aux plus hauts cours du trois pour cent, le
200 6034 946 6074 monde des affaires en serait réduit à ajouter
196 6070 954 6106 à toutes ses déceptions de ces dernières an¬
192 6112 808 6142 nées, un désenchantement de plus.
206 6142 962 6178 Et Dieu sait pourtant si l'emprunt a peuplé
198 6178 956 6214 de rêves dorés le sommeil, si agité depuis
200 6214 956 6250 trois ans, des capitalistes et des spéculateurs !
196 6250 956 6286 Eh bien, voici la rente qui vient se mettre
188 6286 950 6322 en alignement aux environs de 70 fr. Avec
196 6322 952 6354 tous les petits cadeaux que le Trésor a l'habi¬
196 6356 952 6390 tude de faire à ceux qui lui apportent de
194 6390 954 6426 l'argent, c'est bien 1 fr. 50 c. de bonification
192 6426 950 6462 et de hausse que le souscripteur peut avoir
182 6462 954 6498 devant lui. C'est un joli denier ; et alors, dans
194 6498 956 6532 ces conditions, nous disons à M. Magne, avec
192 6534 958 6570 tout le monde — Monsieur le ministre, n'at¬
184 6570 952 6602 » tendons pas plus longtemps ! Il est impos¬
188 6608 956 6638 » sible de laisser éternellement la place en
184 6644 712 6674 » proie à un pareil cauchemar.
194 6676 946 6710 » Songez qu'il y a dans les tiroirs des petits
184 6712 964 6746 » ménages, dans les portefeuiles des bourgeois,
200 6746 948 6778 » dans les caisses des Sociétés, dans les caves
200 6782 954 6816 » de la Banque, des centaines de millions qui
200 6818 964 6850 » sont là, au repos, bien décidés à ne rien
184 6854 956 6886 » faire, avant d'avoir bénéficié de l'emprunt.
200 6810 952 6962 » Songez que ce temps d'arrêt porte un
188 6844 940 6998 » coup mortel au va-et-vient des affaires
1030 242 1788 276 » courantes. Proposez la moindre opération à
1036 278 1800 310 » l'homme assez heureux pour avoir réservé
1044 316 1788 346 » des billets de mille francs, il vous répondra :
1030 347 1766 382 » — Mon Dieu ! non, J'attendrai l'emprunt !
1064 388 1800 418 » Songez, monsieur, que si l'on doit, dans
1046 420 1792 454 » une certaine mesure, tenir compte de l'in¬
1038 454 1796 486 » térêt du capitaliste, soutien de l'Etat et es¬
1024 492 1784 522 » poir de l'emprunt, cet intérêt n'est rien en
1030 528 1796 558 » comparaison des pertes immenses que cette
1034 562 1782 594 » stagnation de l'argent fait subir au monde
1044 594 1270 630 » des affaires.
1056 630 1782 662 » Songez, enfin, que cette situation dure
1040 668 1796 698 » depuis deux ans, et alors vous vous direz,
1028 704 1780 734 » sans hésitation : Plus d'ajournement ! Plus
1060 738 1788 770 » de retard ! L'emprunt immédiat et que les
1042 770 1796 806 » affaires reprennent leur cours accoutumé! »
1042 806 1782 840 Espérons donc que les guichets ne tarderont
1026 842 1788 872 pas à s'ouvrir et que nous verrons se former,
1024 878 1792 910 à partir de minuit, ces queues interminables
1024 912 1792 946 qui entouernt le ministère des finances d'une
1020 950 1512 982 ceinture vivante de millions.
1026 982 1778 1018 De l'emprunt de France, passons à l'em¬
1026 1018 1786 1054 prunt d'Egypte. J'ai trouvé partout hier, dans
1028 1056 1796 1086 tous les groupes de la Bourse, l'impression
1028 1090 1796 1122 que m'a fait éprouver la nouvelle de cette
1028 1128 1788 1158 emission. C'est là, en effet, un de ces emprunts,
1038 1162 1792 1194 carrés par la base, et qui représentent une
1026 1194 1434 1228 solidité à toute épreuve.
1040 1230 1780 1264 Comme richesse, l'Egypte est, nous l'avons
1034 1266 1794 1300 dit, un des gouvernements qui se placent au
1028 1302 1780 1334 premier rang, et ses ressources présentes ne
1028 1338 1788 1370 peuvent que s'accroître des avantages im¬
1034 1370 1782 1406 menses que l'ouverture du canal va donner à
1026 1408 1172 1442 ce pays.
1046 1442 1780 1478 Comme crédit, elle a. comme on dit en Ban-
1028 1478 1796 1508 que, le n° 1, et c'est la première place du
1024 1514 1782 1546 monde pour les affaires, c'est la place de
1032 1552 1780 1582 Londres qui lui a depuis longtemps fait cette
1024 1588 1328 1618 bonne renommée.
1042 1618 1778 1654 Comme contractants, elle nous présente
1018 1654 1778 1690 quatre maisons de premier ordre ; à Paris, la
1022 1690 1782 1724 Société Générale et la maison Oppenheim,
1032 1726 1788 1762 Alberti et Ce; à Londres, la Banque impériale
1030 1760 1792 1794 ottomane ; à Alexandrie, la maison Oppen¬
1024 1800 1324 1830 heim neveu et Ce.
1036 1830 1794 1866 Comme placement, le souscripteur a devant
1034 1866 1778 1902 lui un revenu de 10 p. 100, garanti par des
1030 1902 1786 1938 affectations spéciales, avec l'engagement du
1034 1938 1778 1974 gouvernement égyptien de ne jamais réduire
1028 1974 1200 2006 ce revenu.
1036 2006 1782 2042 Voilà comment se font aujourd'hui les em-
1036 2042 1790 2078 prunts, et après une telle énumération de ga¬
1028 2078 1794 2114 ranties et d'avantages, il ne nous reste plus
1036 2118 1360 2150 qu'à tirer l'échelle.
1464 2098 1744 2252 JEAN BORDEREAU.
1323 2338 1496 2490 A TABLE
1042 2492 1780 2530 Sans être savant, on peut indiquer pour le mo¬
1040 2522 1782 2562 ment un régime à suivre. Le principe général qui
1040 2554 1782 2590 doit dominer ce régime, c'est une grande sobriété.
1042 2584 1780 2622 Les nuits, chargées d'électricité, sont redouta¬
1030 2616 1780 2654 bles. Les journées, par intervalles, sont chaudes
1022 2652 1212 2686 et humides.
1022 2676 1784 2714 Les indispositions sont fréquentes ; le relâche¬
1038 2710 1794 2746 ment est pour ainsi dire endémique ; on a des
1032 2738 1786 2778 faiblesses à la tête, à l'estomac, aux jambes. Il y
1038 2770 1778 2806 a vingt-cinq jours à franchir, pendant lesquels
1038 2802 1778 2838 faut s'observer, se modérer, éviter les bravachéries
1024 2840 1328 2870 de la gourmandise.
1036 2862 1794 2902 Je sais bien que, vers dix heures du matin, on
1040 2894 1782 2930 se laisserait volontiers aller à bien manger et sur¬
1030 2924 1784 2962 tout à bien boire; l'imagination cherche instinc¬
1040 2954 1782 2994 tivement des aliments qui font contraste avec
1040 2984 1780 3026 la chaleur et des boissons qui rafraîchissent l'es¬
1044 3024 1128 3058 omac.
1024 3048 1784 3086 On songe au chablis, au champagne, aux vins
1024 3078 1782 3118 de l'Yonne ; on pense aux vinaigrettes de tête de
1038 3110 1786 3148 veau, aux salades de tomates, aux viandes froi-
1042 3140 1788 3178 les relevées de cornichons et de piments. Toutes
1040 3172 1788 3210 es marinades vous passent par la cervelle et vous
1040 3206 1452 3242 les absorbez par la pensée.
1038 3234 1782 3270 Defiez-vous de ces entraînements, car les en¬
1038 3266 1780 3302 railles, qui sont positives, ne s'accommodent
1032 3298 1790 3334 qu'avec peine de tout cela. Les entrailles, en
1042 3326 1794 3364 ette saison, ont quelque analogie avec l'opinion
1024 3362 1188 3394 publique.
1028 3390 1798 3426 Les premières sourient aux fantaisies et ne s'y
1028 3422 1790 3458 plaisent guère ; l'opinion publique, elle aussi, a
1030 3450 1798 3488 de l'indulgence pour les abstractions, quand elles
1022 3482 1790 3518 sont spirituelles et brillantes ; mais elles ne les
1024 3512 1788 3550 supporte qu'un certain temps et finit par s'en fa¬
1042 3542 1782 3578 iguer, faute de quelque chose à prendre et à
1032 3578 1500 3608 saisir dans ces légers nuages.
1040 3606 1800 3642 Le mieux est d'être sobre, modeste, substan¬
1036 3634 1798 3674 tiel, et de marcher d'accord avec la nature des
1022 3668 1656 3704 choses, avec les élements et les saisons.
1026 3698 1796 3734 C'est pourquoi j'engage mes lecteurs à se défier,
1024 3730 1800 3766 par ces grandes chaleurs, de ce qui les flatte
1020 3758 1786 3794 trop. C'est le moment ou jamais de nous confiner
1030 3790 1800 3826 dans nots mets et nos boissons de ménage, et de
1036 3822 1798 3858 suivre un régime alimentaire qui soit gaulois, so¬
1030 3854 1248 3890 lide et simple.
1540 3836 1744 3986 BALTHAZAR.
1302 4084 1520 4234 EMPRUNT
1412 4128 1432 4278 U
1038 4218 1786 4374 GOUVERNEMENT ÉGYPTIEN
1220 4292 1580 4442 7 0/0 de 1868
1292 4382 1562 4538 MISSION
1052 4512 1764 4551 de 832,300 l. st., soit 20,307,500 fr.
1258 4563 1558 4603 de rente 7 0/0
1292 4542 1532 4694 REPRÉSENTANT
1052 4584 1796 4734 1,890,000 L. sr., soir 297,250,000 FRANCS
1240 4624 1588 4774 DE CAPITAL NOMINAL
1086 4722 1450 4876 « CONTRACTANTS
1022 4847 1784 4887 LA SOCIÉTÉ GÉNÉRALE, pour favoriser le dé¬
1050 4895 1790 4933 veloppement du commerce et de l'industrie
1034 4945 1426 4983 en France, à Paris ;
1040 5003 1788 5040 LA BANQUE IMPÉRIALE OTTOMANE, à Londres ;
1044 5057 1784 5096 M. II. OPPENIIEIM NEVEU ET Ce, à Alexan¬
1032 5109 1160 5146 drie ;
1028 5096 1740 5246 MM. OPPENHEIM, ALBERTI ET Ce, à Paris.
1040 5274 1784 5310 L'emprunt est émis au prix de
1046 5318 1784 5352 95 0/0, jouissance du 15 juillet
1034 5362 1186 5398 1868.
1106 5335 1716 5490 Il est divisé en titres au porteur de :
1020 5457 1790 5494 35 fr. de rente, au choix des souscripteurs,
1024 5505 1116 5538 275
1018 5467 1114 5622 Si5
1030 5592 1794 5626 payables à raison de 17 fr.50 c., 87 fr.50 c.,
1038 5636 1782 5668 438 fr. 50 c. par semestre, les 15 janvier
1020 5678 1522 5714 et 15 juillet de chaque année.
1044 5724 1792 5756 Les titres sont remboursables au pair, soit
1016 5766 1782 5802 à 500 francs, 2.500 francs et 12,500
1026 5810 1784 5846 francs en TRENTE ANNÉES, par voie
1032 5854 1792 5888 de tirages au sort qui auront lieu chaque an¬
1018 5898 1786 5934 née en mai et en novembre. Les titres sortis
1020 5942 1800 5978 à chaque tirage seront remboursés à partir du
1018 5988 1760 6022 15 janvier ou 15 juillet qui suivra le tirage.
1032 6034 1784 6064 A raison de l'impossibilité de délivrer les
1024 6074 1790 6110 titres définitifs avant le 1er janvier prochain,
1018 6119 1782 6154 le premier tirage aura lieu en mai 1869 et
1032 6161 1782 6198 comprendra 246 titres de 875 francs de rente
1042 6207 1790 6242 u séries de 25 titres de 35 francs de rente,
1038 6251 1766 6290 oit l'équivalent des deux premiers tirages.
1036 6298 1796 6332 Le payement des coupons et le rembourse¬
1014 6342 1790 6378 ment des titres amortis seront effectués, au
1014 6386 1784 6422 choix des porteurs, à Paris, Londres et
1018 6430 1788 6464 Alexandrie, au change fixe d'une livre ster¬
1016 6476 1364 6506 ling pour 75 francs.
1018 6536 1778 6574 TABLEAU DES DIVERSES COUPURES, DE LEUR
1026 6572 1792 6606 PRIX, DE LEUR VALEUR ET DE LEUR PRO¬
1044 6608 1164 6638 DUIT :
1032 6650 1784 6690 Ren- Prix Prix net Prix de Revenu Revenu.
1024 6682 1784 6722 tes, d'émis- escompte rembour¬ net. amortiss.
1096 6714 1536 6752 sion, réduit, sement.
1610 6720 1790 6754 compris.
1028 6706 1784 6862 35 375 370 92 1/2 500 9.43 0/0 10.44 0/0
1042 6736 1780 6894 75 1875 1854 62 1/2 2,500 9.43 0/0 10.44 0/0
1038 6770 1796 6926 75 9375 9273 12 1/2 12,500 9.43 0/0 10.44 0/0
1054 6854 1576 7010 Ces titres ont pour garantie
1888 241 2610 278 1° L'ensemble des revenus du Gouver¬
1854 287 2222 322 mement égyptien ;
1888 344 2616 374 2° Les produits des Borancs d'Egypte
1864 384 2608 418 et de divers affermages taxes spécia¬
1852 430 2620 462 lement affectés au service de l'Emprunt par
1862 474 2302 510 le titre général de créance.
1880 527 2602 567 Le Gouvernement égyptien s'est interdit
1860 578 2604 615 formellement l'émission de tout nouvel em¬
1838 628 2614 663 prunt pendant un délai de cinq années, et
1842 676 2612 715 s'est engagé à payer l'annuité fixée pour le
1842 723 2616 763 service de l'emprunt franche de tout impôt
1842 771 2608 811 public ou particulier, et sans aucune dé
1846 820 2602 859 duction quelconque pour quelque cause que
1848 873 1976 907 ce soit.
1874 930 2598 968 Le Titre général de créance spéci¬
1846 974 2618 1010 fiant les garanties ci-dessus et constituant
1850 1018 2618 1054 l'engagement du Gouvernement égyptien sera
1846 1062 2602 1098 déposé en original à la Banque d'Angle¬
1850 1106 2602 1142 terre, et en copie certifiée au siège de la
1848 1148 2604 1186 Société générale, où les intéressés pour¬
1850 1194 2364 1230 ront en prendre connaissance
1856 1298 2288 1334 Le prix d'émission est
1864 1344 1932 1378 suit :
1862 1394 2318 1430 5 0/0 en souscrivant, soit
1862 1438 2326 1474 10 0/0 du 1er au 5 août 1868
1966 1482 2326 1518 remise des certificats
1978 1526 2332 1562 soires au porteur. F.
1848 1570 2476 1606 15 0/0 du 10 au 15 septembre 1868
1864 1614 2312 1650 15 0/0 du 10 au 15 octobre
1866 1658 2338 1694 15 0/0 du 10 au 15 novembre
1874 1702 2332 1736 15 0/0 du 10 au 15 décembre
1872 1694 2240 1846 5 0/0 Prix d'émission.
1850 1746 2262 1900 par 35 fr. de rente ;
1864 1866 2602 1904 Et proportionnellement pour les titres de
1862 1914 2282 1948 175 et de 875 fr. de rente.
1856 1972 2612 2011 Les versements en retard seront passibles
1856 2020 2620 2059 d'intérêts calculés au taux de 9 0/0, sans
1854 2068 2616 2107 préjudice du droit, pour les contractants,
1852 2114 2620 2155 de frapper de déchéance les certificats pro¬
1850 2164 2622 2203 visoires en retard et de faire vendre les
1840 2212 2618 2251 titres définitifs correspondants, par offi¬
1850 2264 2616 2299 cier public, sans autre mise en demeure que
1838 2312 2614 2349 l'insertion des numéros déchus dans un
1856 2360 2622 2399 journal d'annonces légales. La vente aura
1852 2408 2620 2447 lieu pour compte et aux risques du porteur
1852 2460 2168 2493 des titres déchus.
1860 2510 2610 2546 Le gouvernement égyptien se proposant, au
1874 2554 2610 2588 noyen du présent emprunt, de retirer de la
1858 2594 2622 2632 circulation les bons du Trésor et des che¬
1854 2638 2606 2676 mins de fer, les souscripteurs auront, après
1846 2682 2610 2718 les deux premiers versements, la faculté d'ef¬
1852 2726 2622 2762 fectuer les versements suivants en bons du
1846 2770 2622 2806 Trésor égyptien ou de l'Administration des
1846 2814 2618 2850 chemins de fer. Ces bons seront reçus au taux
1864 2862 2314 2898 fixé par le tableau ci-après.
1866 2901 2614 2938 Les souscripteurs qui désireront profiter de
1852 2947 2612 2982 cette faculté devront en faire la déclaration
1864 2990 2622 3026 avant le 15 août 1868. Ils auront à dé¬
1862 3034 2622 3070 poser à la Société générale des bons pour
1864 3079 2620 3114 la somme représentant, au taux fixé, le mon¬
1880 3121 2622 3158 ant intégral des versements non échus. Con¬
1860 3165 2614 3202 tre remise de ces bons, ils recevront des cer¬
1864 3210 2622 3250 tificats provisoires au porteur, libérés, qui se¬
1864 3256 2620 3292 ront ultérieurement échangés contre des ti¬
1852 3302 2106 3334 tres définitifs.
1858 3344 2620 3382 A partir du 5 août, les porteurs qui désire¬
1868 3390 2612 3426 ont se libérer en argent seront admis à le
1860 3434 2624 3468 faire à toute époque, sous escompte, à raison
1870 3478 2626 3510 le 6 p. 100 l'an ; ce qui fait ressortir le prix
1884 3522 2626 3554 'émission 74 fr. 18 1/2 par 7 francs de rente
1864 3566 2610 3602 pour un titre escompté le 5 août. Les porteurs
1864 3610 2628 3646 qui se libéreront en bons ne jouiront pas de
1868 3656 2172 3690 cette bonification.
1876 3698 2620 3734 Les certificats provisoires émis par la
1872 3742 2620 3778 Société générale ne pourront être échan¬
1868 3785 2572 3822 gés qu'à Paris contre les titres définitifs.
1890 3916 2590 3963 LA SOUSCRIPTION SERA OUVERTE
1926 3970 2528 4017 les 16, 19 et 18 juillet 1868
1862 4030 2620 4066 A PARIS : à la SOCIÉTÉ GÉNÉRALE pour fa¬
1866 4074 2624 4110 voriser le développement du commerce et de
1858 4118 2624 4154 l'industrie en France, au siége social, rue
1866 4162 2612 4198 de Provence, 54, et dans les bureaux de
1876 4210 2048 4240 quartier :
1858 4184 2622 4340 A. — Rue Notre-Dame-des-Victoires, 46
2040 4230 2372 4382 (place de la Bourse) ;
1856 4276 2420 4426 B. — Boulevard Malesherbes, 29 ;
1860 4320 2256 4470 C. — Rue de Palestro, 5
1872 4362 2194 4518 . Rue du Bac, 2
1868 4406 2360 4558 E. — Rue Saint-Honoré, 350 ;
1862 4450 2266 4602 F. — Rue du Temple, 19
1856 4494 2460 4644 G. — Boulevard Saint-Germain, 79 ;
1872 4540 2524 4690 I. — Boulevard du Prince-Eugène, 19 ;
1872 4578 2626 4734 (.— Entrepôt général des vins et eaux-de¬
1976 4626 2328 4778 vie, Grand-Préau, 51 ;
1856 4749 2624 4782 J. — Rue du Pont-Neuf, 24 (Halles centrales);
1864 4795 2276 4826 K. — Place de Passy, 2.
1852 4837 2616 4870 DANS LES DEPARTEMENTS : aux agences
1868 4883 2328 4914 de la SOCIÉTÉ GÉNÉRALE ;
1860 4927 2612 4958 A LONDRES : à l'agence de la BANQUE IMPÉ¬
1872 4969 2200 5000 RIALE OTTOMANE ;
1864 5014 2620 5047 A ALEXANDRIE : chez MM. H. OPPENHEIM
1868 5058 2120 5091 NEVEU ET Ce
1856 5117 2620 5151 La souscription sera ouverte en
1860 5163 2628 5197 même temps à Amsterdam, Berlin
1860 5211 2144 5245 et Francfort.
1872 5269 2620 5302 Dans le cas où le chiffre des demandes dé¬
1868 5315 2616 5346 passerait le mnontant des titres disponibles,
1852 5356 2628 5390 les souscriptions seront soumises à une ré¬
1856 5402 2284 5432 duction proportionnelle.
1872 5445 2622 5478 On peut souscrire dès à présent par corres¬
1862 5490 2618 5524 pondance en envoyant le montant du pro¬
1858 5534 2630 5566 mier versement, soit 25 francs par 35
1862 5577 2160 5614 frans de rente.
1856 5618 2616 5660 ON SOUSCRIT PAR TITRES DE 35 FRANCS DE
1880 5669 2628 5702 ENTE ET PAR MULTIPLES DE 35 FRANCS. LE
1868 5712 2624 5746 TITRE DE 35 FRANCS DE RENTE EST D'UNE VA¬
1862 5754 2624 5790 LEUR DE 500 FRANCS ET COUTE 375 FRANCS OU
1866 5798 2486 5834 370 FRANCS 92 1/2, ESCOMPTE DÉDUIT.
1860 5895 2622 5935 TABLEAU du taux auquel seront accep¬
1874 5943 2628 5983 tés les Bons du Trésor égyptien ou de
1872 5993 2624 6031 l'Administration des Chemins de fer
1876 6043 2086 6083 égyptiens.
1862 6098 2320 6132 Les Bons à échoir du 15
1866 6142 2318 6176 juillet 1868 au 15 février
1872 6186 2020 6216 1869..
2396 6192 2572 6222 au pair.
1866 6150 2308 6302 Les Bons à échoir le 16 fé¬
2690 246 3128 278 Les Bons à échoir du 17 oc¬
2700 289 3128 320 tobre 1869 au 15 janvier
2700 335 3116 366 1870, avec une différence
2720 300 2864 450 de . . . .
3172 300 3440 450 9,922888 0/0
2732 421 3436 454 Par jour, à diminuer de 89,226112 0/0
2680 467 3160 498 Les Bons à échoir le 16
2696 509 3448 540 janvier 1870 (8 40 0/0, à... 87,378663 0/0
2684 554 3128 586 Les Bons à échoir du 17
2696 598 3124 630 janvier 1870 au 15 avril
2688 641 3116 674 1870, avec une différence
2720 608 2892 758 de.
2724 652 3124 802 Par jour, à diminuer de
2672 798 3128 830 Les Bons à échoir le 16
2680 838 3110 874 avril 1870 (8 25 0/0) à
2672 886 3128 918 Les bons à échoir du 17
2688 930 3108 962 avril 1870 au 15 juillet
2684 970 3118 1006 1870, avec une différence
2710 935 2864 1090 de.
2728 980 3096 1134 Par jour, à diminuer d
2686 1126 3148 1158 Les Bons à échoir le 16
2692 1170 3432 1202 juillet 1870 (8 05 0/0 à 83.877628 0/0
2684 1215 3132 1246 Les bons a échoir du 17
2692 1257 3140 1290 fuillet 1870 au 15 octobre
2728 1224 3124 1374 870, avec une différence
2712 1266 2864 1418 de. . . .
3162 1264 3442 1418 0.022364 0/0
2724 1310 3344 1462 Par jour, à diminuer de 83.877638 0/
2690 1454 3134 1490 Les Bons à échoir le 16 oc-
2680 1498 3432 1532 tobre 1870 (7 90 0/0) ... 82.203956 0/0
2690 1542 3142 1574 Les Bons à échoir du 17
2684 1586 3146 1620 octobre 1870 au 15 jan¬
2676 1630 3134 1666 vier 1871 avec une diffé¬
3176 1674 3436 1708 0.021943 0/0
2692 1678 2984 1708 rence de ....
2754 1638 3370 1794 Par jour à diminuer de 82.203056 0/0
2676 1791 3136 1822 Les Bons à échoir le 16
2690 1834 3430 1866 janvier 1871 (7 75 0/0), à 80.693472 0/0
2690 1877 3142 1912 Les Bons à échoir du 16
2688 1921 3156 1958 janvier 1871 au 15 avril
2710 1886 3114 2042 1871, avec une différence
3172 1930 3436 2080 0.021527 0/0
2744 1934 2908 2084 de. 12 50
2758 1974 3352 2130 Par jour, à diminuer de 80.603472
2676 2121 3138 2158 Les Bons à échoir le 16
2688 2165 3446 2202 avril 1871 (7 70 0/0), à... 79.078889 0/0
2698 2212 3152 2246 Les Bons à échoir à partir
2700 2254 3140 2290 du 17 avril 1871, avec
3168 2298 3432 2330 0.021110/0
2700 2304 3116 2334 un différence de . . . .
2730 2262 3380 2418 Par jour, à diminuer de 79.078889 0/0
3216 608 3444 758 9,923333 0/0
3240 650 3440 802 87.376667 0/0
3188 764 3436 914 85,539584 0/0
3204 1014 3432 1048 0,022916 0/0
3204 1058 3444 1088 83.539584 0/0
1894 6194 2278 6350 vrier 1865 (2 0/0), à. . .
2400 6200 2616 6350 04,323 0/0
1868 6317 2328 6354 Les Bons à échoir du 17
1868 6361 2340 6398 février 1869 au 15 juillet
1904 6330 2292 6480 859, avec une différence
2416 6376 2612 6526 0.025 0/0
1896 6376 1964 6526 de
2448 6418 2604 6568 84,725 0/0
1936 6420 2336 6570 Par jour, à diminuer de
1864 6568 2328 6598 Les Bons à échoir le 10
1864 6610 2606 6642 juillet 1869 (8 80 0/0), à.. 91,125556 0/0
1860 6656 2324 6686 Les Bons à échoir du 17
1854 6696 2320 6732 juillet 1869 au 15 octo¬
1864 6740 2316 6774 bre 1869, avec une diffé-
1872 6786 2184 6818 rence de. . . . .
2348 6786 2624 6818 9,02 4444 0/0
2392 6750 2624 6902 81,175556 0/0
1928 6752 2340 6902 Par jour, à diminuer de
1848 6894 2306 6930 Les Bons à échoirle (Coc¬
1854 6942 2620 6974 tobre 1869 (8 60 0/0), à. . 89,223112 0/0
2684 2494 3448 2530 Hale, tâches, boutons, feux au vi¬
2680 2526 3442 2564 sage. — Le Lait antéphélique les dissipe et
2692 2562 3438 2598 les prévient. — CANDÉS et Compagnie, boul.
2686 2598 3446 2634 Saint-Denis, 26, et les principaux parfumeurs
2696 2636 3160 2670 t coiffeurs. — Flacon, 5 fr.
2916 2736 3228 2886 AITS DIVERS
2720 2814 3326 2970 On lit dans la Presse vosgienne :
2700 2942 3446 2982 Une maison de Marseille, ayant expédié
2702 2978 3440 3014 ne cargaison de clyso-pompes à Canton, et,
2678 3014 3464 3050 n'ayant pu placer un seul de ces instruments
2690 3050 3460 3086 chez les Chinois, charge un voyageur en
2684 3084 3446 3122 champagne de lui rapporter l'objet de son
2688 3118 3446 3158 envoi. Le voyageur, arrivé en Chine, se pré¬
2692 3154 3450 3194 sente chez les mandarins, qui trouvent le
2688 3190 3442 3230 champagne français bien meilleur que les la¬
2690 3226 3456 3262 vements du même pays et lui prennent toutes
2692 3262 3460 3298 ses bouteilles. Il se disposait à repartir pour
2684 3298 3452 3334 la France avec les clyso-pompes, quand une
2688 3332 3464 3370 idée infernale lui traverse l'esprit. Il court
2696 3366 3454 3406 chez un mandarin et lui présente un instru¬
2694 3402 3450 3440 ment nouvellement inventé pour boire le
2686 3438 3450 3476 champagne et qui le fait trouver bien meilleur
2690 3474 3464 3510 que les coupes ordinaires. Le mandarin fait
2680 3508 3456 3546 lui-même l'expérience en emplissant le clyso¬
2692 3544 3460 3582 pompe de champagne et en aspirant le liquide
2690 3580 3456 3618 par la canule : « C'est vrai, dit-il, il est bien
2690 3614 3458 3652 meilleur; voulez-vous me vendre un de vos
2698 3650 3456 3688 nstruments ? » Le voyageur ne dit pas non,
2676 3684 3464 3722 se débarrasse de tous ses clyso-pompes et re¬
2676 3722 2962 3758 vient en France.
2716 3754 3454 3794 A quelque temps de là, le mandarin ayant
2696 3790 3448 3830 invité les officiers des flottes anglaise et
2694 3826 3460 3864 française à dîner, croit bien faire d'ajouter
2698 3862 3448 3900 chaque couvert un instrument à boire le
2684 3898 3456 3934 champagne (tout ce qu'il y a de plus nou¬
2688 3930 3458 3970 veau). Les officiers font leur entrée et se de¬
2696 3970 3448 4006 mandent, en regardant la table, comment
2686 4002 3452 4040 peuvent bien finir les repas chinois, d'après
2698 4038 3460 4076 e cérémonial du pays. Tout le temps du di¬
2686 4074 3456 4112 ner ils gardent, tant bien que mal, leur sé¬
2678 4110 3450 4148 rieux par respect pour leur hôte qui, en sa
2684 4146 3448 4182 qualité de mandarin, reste grave comme la
2684 4182 3446 4218 justice. Au dessert, on verse le champagne,
2684 4216 3454 4254 et le mandarin donne lui-même l'exemple en
2678 4250 3454 4288 aspirant avec délices le nectar enivrant. Les
2680 4286 3448 4324 officiers, après quelques moments d'hésita¬
2694 4322 3464 4360 tion, se décident à l'imiter ; mais en se
2680 4358 3448 4394 voyant tous la canule à la bouche, ils partent
2684 4394 3450 4430 d'un éclat de rire homérique que le mandarin
2690 4428 3450 4464 attribua à l'effet du champagne, et voilà
2706 4462 3458 4500 omment la civilisation moderne a importé la
2692 4498 2994 4534 seringue en Chine.
2724 4566 3442 4606 Dernièrement, une jeune femme très
2684 4602 3460 4642 élégante, accompagnée de sa mère, se pré¬
2712 4638 3448 4678 enta comnie pensionnaire chez une sage¬
2696 4674 3444 4714 femme du faubourg Saint-Denis. Les allures
2696 4710 3452 4750 mystérieuses de ces deux personnes, leur
2684 4746 3456 4786 hésitation quand il fallut donner leur nom,
2700 4780 3458 4822 inspirèrent à la sage-femme des soupçons qui
2688 4814 3446 4858 ne firent qu'augmenter au moment de la dé¬
2702 4850 3450 4892 ivrance. En effet, dès le lendemain, la mère
2688 4886 3448 4926 voulait emmener la jeune accouchée, disant
2684 4920 3448 4962 qu'elle reviendrait pour prendre soin de l'en¬
2688 4956 3460 4998 fant. Mais la sage-femme, qui était persuadée
2700 4994 3454 5034 qu'on lui avait donné un faux nom et une
2704 5026 3458 5070 ausse adresse, flaira une ruse et se dit qu'on
2710 5062 3460 5104 llait lui laisser l'enfant sur les bras. Sous un
2698 5098 3442 5140 prétexte quelconque, elle enferma les deux
2712 5134 3456 5174 ames chez elle et courut prévenir le com¬
2688 5170 3448 5210 missaire de police. Son intervention mit fin
2700 5206 3448 5246 au mystère ; il fallut se nommer après bien
2696 5242 3456 5282 des réticences et après avoir supplié qu'on
2696 5278 3454 5318 gardât le secret le plus absolu, car il s'agissait
2704 5310 3458 5354 le l'honneur d'une grande famille ; on paya
2694 5346 3442 5388 une année d'avance pour les soins à donner à
2688 5382 3454 5422 l'enfant; quand à l'avenir, le nom seul de la
2698 5422 3008 5458 mère en répondait.
2724 5494 3442 5530 « Il n'est plus permis de monter au sommet
2684 5528 3456 5570 de la colonne Vendôme, par conséquent, de
2692 5566 3340 5606 se précipiter du haut de la plate-forme.
2708 5598 3446 5642 La porte en est fermée et le brave sergent
2688 5634 3450 5678 Diaçon, un des braves des armées du premier
2684 5668 3460 5714 empire, quigardait le monument depuis trente¬
2694 5704 3460 5748 huit ans, a été mis à la retraite pour cause de
2694 5746 3064 5784 suppression d'emploi.
2704 5774 3454 5818 Le sergent Diacon, dans son beau temps,
2692 5814 3450 5854 était un modèle achevé de troupier grognard.
2692 5846 3446 5890 mais irréprochable dans la tenue, de la tête
2712 5890 2868 5926 ux pieds.
2708 5916 3456 5962 Il ressemblait à Horace Vernet à s'y mé¬
2678 5962 2832 5998 prendre.
2692 5988 3436 6030 C'est encore un type de la grande et multi¬
2696 6024 3448 6066 ple famille parisienne qui vient de disparaî¬
2696 6074 2736 6104 tre.
2954 6118 3434 6160 Le Secrétaire de la rédaction.
3088 6172 3340 6208 Léon ESTOR.
3506 240 4264 278 par la singulière fraîcheur de nos renseigne¬
3522 276 4272 312 nents, et par l'étendue de nos relations dra¬
3512 310 4254 346 matiques. — Au courrier d'abord. Sur cette
3498 346 4270 382 lettre « personnelle et très-pressée » copions
3500 388 3664 418 sans lire.
4020 348 4212 498 Vendredi soir.
3610 388 3846 542 « Mon cher X..
3518 510 4262 542 » Vous annoncez dans le Gaulois que je
3504 548 4264 578 dois reprendre Léonard immédiatement après
3512 578 4266 614 les Fugitifs, qui doivent être joués jeudi pro¬
3512 616 4264 650 chain. Permettez-moi de rectifier cette petite
3516 654 3732 684 inexactitude.
3532 686 4268 722 » Je ne donnerai cette année que des pièces
3522 722 4260 756 ovelles. La seule reprise que je me permet¬
3516 756 4272 790 rai, au mois de décembre prochain,
3516 794 3920 824 sera celle de Ruy-BLas !
3552 750 3768 902 Ai-je raison ?
3620 786 3924 940 » Poignée de main,
3912 826 4210 982 » Victor KONING. »
3520 960 4268 994 Paibleu ! certainement qu'il a raison, et
3496 994 4266 1030 plutôt dix fois qu'une. Insérons... Ce n'est
3502 1030 4270 1066 pas Prével qui publierait une lettre avec cette
3510 1066 4260 1100 rapidité ; c'est à peine si j'ai mis quatre jours
3512 1102 3664 1132 à le faire.
3514 1138 4268 1170 Autre missive, datée de Strasbourg. Elle
3508 1170 4262 1206 m'apprend — sans m'étonner — que je me
3524 1206 4260 1242 uis encore trompé en annonçant que M. Mé¬
3522 1240 4268 1276 rême cabotinait en province. L'ex-pension¬
3500 1280 4264 1310 naire de la Comédie-Française a renoncé au
3508 1316 4264 1346 théâtre. Aujourd'hui il est intéressé et occupe
3516 1350 4268 1382 rès activement dans une importante maison
3522 1382 4256 1418 le produits chimiques de Strasbourg. —
3504 1418 4272 1454 Qu'il ne mange pas son fonds et tout sera
3504 1454 4080 1490 pour le mieux. (On sonne.) Entrez.
3828 1436 3964 1586 CÈNE II
3620 1488 4144 1638 Le précédent, un jeune homme.
3506 1610 4266 1644 L'HOMME. — Bonjour. Etes-vous riche ce
3524 1652 3632 1682 natin ?
3524 1682 4268 1718 LE JEUNE HOMME. — Remarquablement.
3526 1718 4270 1752 'ai une foule de choses sur le théâtre de
3514 1754 3594 1788 Bade.
3524 1790 4268 1820 L'HOMME. — Vous savez, votre Léonard et
3498 1822 4274 1858 votre Métrême, autant de nouvelles apocry¬
3504 1862 3594 1892 phes.
3516 1894 4184 1930 LE JEUNE HOMME. — Vous m'étonnez.
3516 1928 4264 1966 L'HOMME. — J'aurais préféré étonner Pré¬
3536 1968 3864 1998 el. — Dictez, j'écris.
3530 2000 4144 2036 LE JEUNE HOMME. — « Le 7 août... »
3534 2034 4210 2070 L'HOMME. — Vous êtes sûr de votre 7 ?
3528 2070 4274 2106 LE JEUNE HOMME. — Comme de mon exis¬
3522 2106 4278 2142 ence. « Le 7 août, à Bade, on jouera la
3518 2142 4272 2178 Chaîne. Régnier, Balandard ; Lafont, Saint-
3504 2178 4264 2214 Géran; Worms, Emeric; Mmes Madeleine
3504 2212 4268 2250 Brohan et Antonineapporteront à la repré¬
3524 2250 4264 2280 entation l'appoint de leur grace, de leur
3524 2282 3810 2318 alent, de leur... »
3526 2322 4276 2354 L'HOMME. — Pas de phrases... ! continuez.
3532 2354 4278 2390 LE JEUNE HOMME. — « Viendront après les
3520 2390 4278 2426 Beaux messieurs de Bois-Doré, avec Lafont et
3522 2426 4262 2458 Antonine : les Demoiselles de Saint-Cyr : en¬
3508 2462 4268 2494 core Régnier et Madeleine ; Worms en Saint-
3524 2500 3996 2530 Hérem, et Saint-Germain...»
3516 2530 4226 2566 L'HOMME. — Que de saints, mon Dieu !
3538 2566 4274 2602 LE JEUNE HOMME.— « ... Et Saint-Germain
3516 2602 4226 2638 dans le rôle de... » Pardon, je me trompe.
3532 2640 4276 2670 L'HOMME. — Diable ! et l'étonnement de
3512 2674 3988 2704 Prével qui ne viendrait pas.
3536 2706 4266 2742 LE JEUNE HOMME. — C'est dans la Chaîne
3524 2742 4266 2778 que Saint-Germain jouera le rôle créé par
3520 2778 4274 2814 Samson. — Mlle Hortense Damain fera ma¬
3524 2816 3804 2846 dame Duboulloy.
3524 2848 4264 2882 L'HOMME. — Dans quoi cette madame Du¬
3508 2886 3676 2918 boulloy ?
3520 2918 4274 2954 LE JEUNE HOMME. — Dans... dans... dans
3518 2954 4282 2988 les Demoiselles de Saint-Cyr. « On aura en¬
3520 2990 4268 3020 core la Joie fait peur et Bataille de Dames,
3516 3028 4284 3058 avec Régnier, Worms, Saint-Germain, Mmes
3532 3060 4204 3094 I. Brohan, Nathalie, et Damain jeune. »
3516 3098 4284 3130 L'HOMME. — Parfait ! Si Prével n'est pas
3526 3130 4266 3166 content avec ça, c'est que le Figaro aura per¬
3508 3166 4268 3202 verti son cœur et qu'il sera véritablement im¬
3516 3208 3580 3238 pur.
3520 3236 4276 3274 LE JEUNE HOMME. — « On annonce la ren¬
3520 3270 4274 3306 trée de Miss Menken dans les Pirates de la
3520 3306 4274 3342 Savane, pour samedi prochain au Châtelet. »
3534 3342 4270 3378 L'HOMME. — Le jour où elle mimera Céli¬
3518 3378 4286 3414 mène sur un cheval fougeux, il y aura du
3524 3414 4060 3450 monde à la Comédie-Française.
3520 3450 4288 3486 LE JEUNE HOMME. — De l'étranger : « Lon-
3522 3486 4274 3518 dres. Covent garden, M. Chelli, élève de
3520 3522 4272 3554 M. Faure au Conservatoire de Paris, gendre
3512 3560 3792 3590 de M. Boulo... »
3524 3590 4282 3626 L'HOMME. — Vous me jurez sur l'honneur
3516 3628 4120 3662 que Boulo est bien son beau-père ?
3520 3662 4272 3694 LE JEUNE HOMME (avec émotion). — Je le
3528 3700 4276 3730 jure !... « M. Chelli vient de débuter dans
3512 3736 4096 3766 Rigoletto avec un grand succès. »
3524 3766 4278 3802 L'HOMME (se frollant les mains après avoir
3528 3806 4284 3838 écrit). — Pare celle-là, Prével ! — Quelque
3536 3844 4032 3874 hose de piquant maintenant.
3524 3874 4272 3906 LE JEUNE HOMME. — « On assure que des
3524 3910 4276 3940 comédiens de province en garnison a Paris,
3524 3942 4282 3978 en sont réduits pour vivre à se faire vacci¬
3534 3978 3630 4013 ier.
3524 4020 4040 4050 L'HOMME. Comprends pas.
3522 4050 4270 4084 LE JEUNE HOMME. — Afin de toucher la
3540 4086 4284 4118 rime de trois francs alloués à chaque sujet;
3524 4122 4276 4154 ce qui leur permet de manger pendant deux
3528 4160 3628 4190 jours.
3534 4190 4286 4226 L'HOMME.— Ceci manque de gaieté. Pauvres
3536 4230 3932 4262 liables ! — Autre chose.
3522 4262 4276 4298 LE JEUNE HOMME. — Immédiatement après
3528 4298 4282 4334 l'Abîme, on montera au Vaudeville la Papil¬
3516 4336 4284 4366 lonne, de Sardou. Mlle Fargueil y jouera le
3540 4372 3896 4402 ôle créé par Mlle Fix.
3538 4404 4274 4438 L'HOMME. — M. Harmant étant le directeur
3518 4440 4288 4474 de Paris qui a le moins de fours à son actif, il
3530 4474 4272 4510 est capable de se faire un succès avec une
3522 4510 3984 4546 chute du Théâtre-Français.
3518 4546 4284 4582 LE JEUNE HOMME (étonné). — Vous pensez
3532 4584 3884 4614 e que vous dites-là ?
3532 4618 4286 4654 L'HOMME. — Du tout. C'est toujours pour
3540 4654 3740 4684 pater Prével.
3514 4684 4270 4723 LE JEUNE HOMME. — « Hervé vient de ter¬
3526 4722 4288 4756 miner les trois premiers actes de Chilpé¬
3528 4758 3706 4792 ric III... »
3534 4794 4224 4826 L'HOMME. — Qu'est-ce que ça me fait ?
3530 4830 4274 4862 LE JEUNE HOMME. — Ah! monsieur, pen¬
3528 4866 3740 4898 sez à Prével !
3532 4898 4290 4934 L'HOMME. — Vous avez raison, continuez.
3524 4934 4292 4970 LE JEUNE HOMME. — « Lequel Chilpéric
3534 4970 4278 5004 era lancé le 1er octobre aux Folies-Dramati¬
3532 5008 3664 5038 ques ? »
3516 5042 4280 5072 L'HOMME. — Vous m'assurez l'authenticité
3532 5080 3940 5110 le toutes ces nouvelles ?
3516 5114 4280 5144 LE JEUNE HOMME. — Plus ou moins, oui,
3534 5146 4286 5182 nonsieur. Mais en voici dont je suis parfaite¬
3526 5180 4282 5216 ment sûr. « On va remonter à l'Opéra le ballet
3522 5218 4282 5252 de Flore et Zéphire. M. Laferrière et Mme Thier¬
3512 5256 4140 5286 ret danseront les principaux rôles. »
3536 5292 4284 5322 LHOMME. — A la bonne heure! voilà du
3520 5326 4292 5356 neuf. Je crois que Laferrière sera charmant
3536 5364 4288 5394 n Zéphire; mais je ne vois pas bien Mme
3512 5398 3828 5428 Thierret en Flore.
3538 5428 4280 5467 LE JEUNE HOMME.— « On parle pour le Pa-
3526 5466 4266 5498 lais-Royal d'un vaudeville de M. Troplong.)
3540 5502 3924 5538 L'HOMME. — Plait-il ?
3534 5538 4266 5570 LE JEUNE HOMME. — Oui, monsieur..., je
3532 5576 3752 5606 vous en parle.
3528 5606 4278 5642 L'HOMME. — Prodigieux !... Après ça, feu
3526 5642 4276 5678 M. de Morny, qui était un homme autrement
3520 5678 4268 5714 important dans l'Etat, a bien fait jouer des
3516 5714 4266 5750 pantalonnades aux Bouffes. Il faut s'attendre
3534 5750 4102 5784 tout aujourd'hui. Est-ce fini ?
3532 5786 4284 5818 LE JEUNE HOMME. — Je n'ai plus dans le
3522 5820 4280 5854 portefeuille que les débuts de Mme de Bas¬
3520 5854 4266 5890 sanville au théâtre Saint-Pierre, une des scè¬
3524 5894 4280 5926 nes les plus importantes de Paris ; mais j'ai
3534 5928 4268 5962 esoin de nouveaux renseignements avant de
3522 5962 4052 5998 pouvoir affirmer cette nouvelle.
3516 5998 4268 6034 L'HOMME. — Vous avez raison, soyons
3512 6034 4268 6070 exacts ; et n'oubliez jamais qu'il ne suffit pas
3524 6070 4282 6106 d'étonner Prével, mais qu'il faut encore savoir
3534 6106 3700 6142 charmer.
3968 6082 4200 6234 LOUIS LEROY.
2816 6318 3308 6474 COULISSES & ATELIERS
2748 6485 3398 6532 COMMENT SE FAIT CE PETIT ARTICLE
2996 6541 3148 6578 Proverbe
2688 6630 3446 6674 Le théâtre représente le cabinet d'un homme de
2692 6662 3446 6706 lettres, décoré ovec une noble simplicité. Sur la
2700 6694 3450 6738 cheminée, un buste en terre cuite du baron Tay-
2690 6726 3452 6766 lor signé Cordier, dont nous donnerons demain
2696 6754 3450 6798 l'histoire. On entend des pierrots à la canto-
2690 6798 2794 6834 nade.
2700 6830 3454 6878 L'HOMME (s'asseyant à son bureau en bail¬
2694 6870 3442 6912 lant). — Est-ce bête de se lever si tôt que
2684 6904 3440 6950 ça!... Je dors debout... Allons, allons, se¬
2706 6942 3438 6984 ouons-nous et continuons d'étonner Prével
3726 6298 4050 6449 LE PALAIS
3516 6452 4268 6490 Nous avons reproduit hier l'acte d'accusa¬
3516 6494 4268 6530 tion, qui renvoie devant la Cour d'assises la
3512 6534 4268 6570 fille Fleutot et la femme Merlette, accusées
3516 6574 4268 6610 de vols, d'assassinat, d'incendie et de tenta¬
3516 6614 3916 6650 tive d'empoisonnement.
3548 6574 4156 6730 L'affluence est toujours très grande.
3516 6694 4280 6730 Sur la table des pièces à conviction figure
3536 6734 4276 6770 h nombre considérable d'objets saisis sur les
3512 6774 4280 6810 lieux du crime et au domicile des accusés.
3508 6814 4280 6850 Nous remarquons des matelas, des couver¬
3520 6854 4274 6890 tures, des tiroirs de commodes consumés par
3520 6894 4278 6930 le feu, des récipients de fer-blanc ayant con¬
3512 6934 4134 6970 tenu des essences inflammables, etc.
4334 242 5078 278 M. l'avocat-général Merveilleux-Duvignaux
4330 284 4950 318 occupe le siége du ministère public.
4356 318 5082 358 Au banc de la défense sont assis MMes La¬
4332 362 4844 394 chaud, Dieudonné et Périllier.
4356 392 5096 444 L'audience est ouverte à onze heures pré¬
4332 442 5078 474 cises. La chaleur est tellement grande que l'un
4334 482 5084 514 de MM. les assesseurs s'évente avec un éven¬
4336 524 4524 554 tail chinois.
4352 562 5084 596 Vu la longueur des débats qui doivent du¬
4322 602 5098 636 rer au moins quatre jours, sur la réquisition
4330 642 5082 676 du ministère public, la Cour rend un arrêt
4330 680 5096 716 qui prononce l'adjonction d'un conseiller et
4332 722 4876 758 de deux jurés supplémentaires.
4332 760 5096 798 Les accusées sont la fille Fleutot et sa mère
4332 802 5040 838 naturelle, la femme Merlette, née Fleutot.
4332 842 5088 874 La fille Fleutot est une assez belle personne
4328 884 5088 914 de vingt-quatre ans. Elle a de beaux yeux
4324 924 5096 954 noirs et les cheveux de même couleur. Elle
4326 962 5088 994 porte le costume des femmes de chambre,
4328 1002 5080 1034 robe et pardessus de mérinos noir, bonnet et
4336 1040 5084 1074 col blancs. Sans être précisément jolie, elle a
4348 1080 5032 1114 ine physionomie intelligente et agréable.
4336 1118 5090 1154 Quant à sa mère; elle a la tenue des femmes
4326 1158 5082 1194 de la campagne, sans rien de remarquable.
4346 1198 5084 1234 Après la lecture de l'acte d'accusation, qui
4334 1238 5080 1274 n'a pas duré moins de trois quarts d'heures,
4338 1278 5078 1310 les témoins, au nombre de cinquante-neuf, se
4340 1320 5060 1350 retirent dans la salle qui leur est réservée.
4348 1360 5100 1390 Chacun de MM. les jurés reçoit trois plans
4336 1394 5098 1430 au moyen desquels M. le président leur expli¬
4328 1438 4796 1468 que la disposition des lieux.
4350 1476 5078 1510 Ces plans reproduisent la maison de M
4352 1514 5084 1550 forest, chez lequel habitait Mlle Chantreau,
4338 1554 4792 1586 à La Varenne Saint-Hilaire.
4346 1594 5100 1630 Cette maison se trouve à proximité de la
4346 1634 4986 1670 Marne et de la gare du chemin de fer.
4340 1676 5080 1710 Ces indications topographiques une fois
4340 1714 5102 1750 données, M. le président procède à l'interro¬
4340 1754 5086 1790 gatoire de la fille Freutot, après avoir or¬
4340 1796 4816 1830 donné que sa mèrese retirât.
4492 1778 4968 1930 nterrogatoire de la fille Fleutot.
4336 1910 5080 1940 M. le président.— Fille Fleutot, levez-vous. Vos
4332 1938 4624 1972 noms et prénoms?
4376 1892 4628 2042 R. Marie Fleutot.
4376 1924 4576 2074 D. Votre âge ?
4364 2036 4670 2066 R. Vingt-quatre ans.
4370 2062 4678 2098 D. Où êtes-vous née
4370 2014 4976 2170 R. Dans le département de la Côte-d'Or.
4380 2048 4796 2198 D. Vous êtes fille naturelle ?
4384 2078 4640 2228 R. Oui, monsieur.
4356 2186 5096 2222 D. Vous avez été domestique dans plusieurs
4342 2218 5092 2254 maisons et vos maîtres témoignent que vous avez
4334 2250 5034 2286 un caractère sympathique au premier abord.
4356 2280 5100 2314 D. En 1859, vous êtes entrée chez un honorable
4344 2310 5108 2346 négociant de Saint-Florentin. Un jour les clefs
4336 2342 5104 2376 de la caisse sont perdues, on les cherche vaine¬
4340 2374 5096 2408 ment. Après vingt-quatre heures vous avez la
4356 2402 5096 2438 ensée de faire une invocation à Saint-Antoine
4350 2434 5098 2470 de Padoue et, grâce à son intervention vous les
4336 2466 5096 2500 retrouvez. On vous soupçonne et on vous arrête.
4342 2496 5098 2530 Vous êtes condamnée à six mois de prison. —
4336 2526 4532 2558 Est-ce vrai ?
4376 2480 4628 2630 R. Oui, monsieur.
4356 2590 5088 2620 D. De telle sorte que vous faisiez étalage de
4342 2620 5048 2654 sentiments religieux pour inspirer confiance.
4366 2570 4972 2726 D. Vous êtes venue à Paris, pourquoi ?
4364 2604 4656 2754 R. Pour me placer.
4344 2710 5100 2748 D. Vous êtes entrée chez M. Mercier, combien
4336 2742 4636 2772 y êtes vous restée ?
4376 2696 4552 2846 R. Six mois.
4354 2806 5110 2842 D. M. Mercier déclare que vous lui avez un
4340 2838 5112 2870 jour demandé de l'argent, en prétendant que vous
4360 2868 5100 2902 tiez devenue grosse et que vous sortiez de chez
4360 2898 5112 2934 ne sage-femme. C'était un mensonge; néanmoins,
4344 2930 5096 2962 il vous a donné 1600 francs, et puis vous em¬
4336 2962 4976 2994 portez votre malle et vous disparaissez.
4386 2910 4462 3064 R. Oui
4334 3023 5108 3058 D. Vous continuez votre mauvaise conduite,
4352 3056 5108 3086 et, en 1866, vous devenez enceinte et vous ac¬
4348 3088 5096 3118 couchez d'un enfant. Votre mère était avec
4356 3114 5102 3150 vous ; elle ne vous quitte pas; elle vous accom¬
4354 3146 4590 3180 pagne toujours.
4396 3100 4640 3250 Oui, monsieur.
4344 3212 5108 3242 D. Si votre moralité n'est pas bonne, celle de
4338 3238 5136 3274 votre mère est encore plus mauvaise. Vous êtes
4352 3270 5112 3304 restée six mois sans place ; vous vous êtes li¬
4372 3304 5128 3334 rée au libertinage et vous couchez avec votre
4350 3334 5120 3366 amant dans la même chambre que votre mère.
4370 3362 5120 3398 tquand vos amants ne donnaient pas a votre
4350 3394 5126 3430 mère ce qu'elle demandait, elle les jetait à la
4352 3426 4432 3458 porte.
4370 3376 4758 3530 L'accusée ne répond pas.
4354 3486 5104 3522 D. N'avez-vous pas interrogé un livre d'ora¬
4354 3518 5102 3554 cles pour savoir si vous seriez longtemps aimée
4340 3546 4628 3582 par votre amant ?
4394 3498 4630 3652 L'accusée rougit.
4350 3610 5110 3646 D. Vous êtes rentrée chez M. Hadot en 1866, et
4362 3642 5098 3678 vous en êtes sortie en mai 1867 ? Combien êtes¬
4354 3672 4840 3706 vous restée de temps chez lui ?
4396 3622 4508 3778 . Un an.
4358 3734 5102 3770 D. En mai 1867, nous arrivons à un événement
4342 3766 5110 3802 très extraordinaire. Le feu prend dans de vieux
4358 3798 5116 3832 matelas qui se trouvaient dans une sous-pente,
4356 3826 5116 3862 non loin du lit de la nourrice et de l'enfant de
4366 3858 5108 3894 1. Hadot. Les pompiers éteignent le feu. On ne
4370 3890 5098 3926 ait qui soupçonner. Mais M. Hadot, votre maître,
4358 3922 5106 3958 s'aperçoit que sa montre et son porte-monnaie
4350 3950 5116 3986 ont disparu. M. Hadot fait remarquer que le vo¬
4358 3982 5110 4018 leur sera découvert car la montre à un signe par¬
4358 4014 5110 4050 ticulier, et presque aussitôt vous apportez la
4358 4044 5112 4080 montre en disant que vous l'aviez trouvée par
4354 4074 5104 4110 hasard dans une corbeille? Mais vous avez volé
4360 4106 4964 4138 ussi un châle. Le reconnaissez-vous ?
4396 4060 4648 4210 . Oui, monsieur.
4348 4166 5102 4206 D. Et les 170 francs, est-ce vous aussi qui les
4356 4198 4496 4230 avez pris?
4392 4149 4484 4301 R. Oui.
4348 4258 5116 4298 D. Tous ces faits n'ont été découverts, MM. les
4348 4290 5104 4328 jurés, que lors du dernier crime de La Varenne ;
4346 4320 5112 4360 car ce n'est qu'après son arrestation qu'on a
4354 4352 5106 4390 trouvé au domicile de l'accusée les objets volés
4354 4382 4584 4416 à cette époque.
4346 4414 5118 4454 D. Chacun de vos pas se trouve marqué par
4350 4446 5112 4484 une action coupable. Ce sont toujours les mêmes
4352 4478 5006 4514 crimes et les mêmes moyens de procédés ?
4400 4430 5102 4586 'accusée garde le silence et reste impassible
4348 4538 5104 4576 D. Vous êtes chassée de chez M. Hadot et on
4350 4570 5118 4606 vous renvoie parce qu'on trouve que votre mère
4370 4602 5118 4638 enait vous voir trop souvent. Alors vous mentez
4362 4632 5110 4670 ncore et vous dites que votre mère est partie au
4362 4662 5058 4698 pays avec votre enfant. — Ce n'est pas vrai ?
4366 4694 5120 4732 R. C'était pour rester chez M. Hadot que j'ai dit
4352 4726 4432 4756 cela.
4390 4674 5014 4830 D. Votre maîtresse était bonne pour vous
4354 4786 5098 4826 R. Oui, monsieur, elle me donnait des effets
4344 4820 4736 4850 pour moi et mon enfant.
4350 4850 5100 4888 Me Lachaud. — M. le président, on n'entend pas
4348 4878 4504 4908 l'accusée.
4358 4910 5098 4950 M. le président à l'accusée. — Parlez plus haut,
4360 4938 5094 4982 que MM. les jurés puissent bien vous entendre.
4342 4970 5106 5010 Le 26 mai 1867 vous entrez chez M. Forest, an¬
4362 5002 5102 5042 ien entrepreneur de constructions qui habitait
4358 5032 4588 5066 à La Varenne.
4408 4983 4820 5138 accusée. — Oui, Monsieur.
4362 5094 5110 5134 M. le président. — M. Forest vivait avec Mlle
4342 5126 5098 5166 Chantreau comme s'il était marié. La morale re¬
4346 5158 5106 5198 prouve sans doute cette situation, mais enfin il
4342 5188 5098 5226 faut reconnaître que le mariage était aussi régu¬
4344 5218 4616 5250 lier que possible..
4358 5250 5086 5290 Mlle Chantreau avait un caractère très-gai ; ell
4338 5282 5102 5322 était intelligente et aimée de tout le monde. Par
4338 5314 5078 5354 ses soins, son travail, elle avait participé à l
4338 5346 5110 5382 fortune de M. Forest avec lequel elle habitait de¬
4338 5378 5094 5414 puis vingt-deux ans. Vous avez écrit une lettre à
4350 5408 5110 5446 votre mère, dans laquelle vous reconnaissiez que
4350 5438 4934 5474 Mme Forest était « la bonté même ? »
4386 5390 4970 5546 D. C'est bien vous qui avez écrit cela ?
4396 5419 4476 5574 . Oui.
4344 5530 5094 5570 D. N'avez-vous pas dit avoir remarqué que le ca¬
4356 5562 5110 5602 actère de Mlle Chantreau changeait, qu'elle sem¬
4346 5594 5056 5630 blait préoccupée ? Qu'elle pensait au suicide ?
4354 5626 5096 5664 R. C'était la vérité. Madame semblait souvent
4356 5654 4674 5690 voir des idées fixes.
4350 5686 5106 5726 D. Vous êtes la seule à l'avoir remarqué. Vous
4342 5718 5114 5758 posiez ainsi les jalons de votre défense future.
4342 5748 5110 5790 Vous avez aussi dit que Mme Forest était jalouse
4336 5778 5116 5818 de vous. Comment pouvait-olle être jalouse de
4352 5812 4452 5842 vous ?
4382 5762 4798 5918 R. Je ne peux pas vous dire.
4342 5874 5094 5914 D. Pourquoi êtes-vous restée deux jours à Pa¬
4336 5904 4396 5934 ris?
4372 5854 4968 6014 R. Parce que mon enfant était malade.
4336 5966 5092 6006 D. Non, ce n'est pas pour cela. C'est pour vous
4334 5998 5106 6038 entendre avec votre mère parce que vous aviez
4352 6030 5102 6070 déjà conçu le projet de dévaliser la maison Fo¬
4340 6058 4420 6089 rest.
4340 6182 5026 6226 arenger le se jour, une noce passe sur le co
4354 6214 5036 6256 Chennevières, et vers sept heures du soir Mme
4354 6244 4694 6282 est demande son bain.
4352 6274 5026 6318 Et après le passage de la noce personne ne
4334 6306 5034 6350 plus madame Forest — Or l'accusation prét
4350 6338 4842 6378 qu'elle a été tuée dans son bain,
4342 6370 5020 6410 L'accusée. — Pardon, elle est sortie après
4360 6398 5038 6442 ain et j'ai fait un savonnage avec l'eau
4344 6430 4424 6462 bain.
4350 6448 4610 6598 était très malade
4358 6558 5050 6598 Me Lachaud. — M. le président, je voudrais c
4350 6590 5054 6630 l'accusée parlat plus haut et s'exprimât tout
4348 6620 4424 6654 long.
4342 6650 5058 6694 M. le président. — C'est ce que nous dema
4346 6682 4938 6722 dons aussi. — Parlez donc plus haut.
4334 6712 5062 6758 L'accusée. — Ma mère est venue pour se rend
4340 6742 5052 6788 compte des inquiétudes de madame Forest, de
4340 6774 5058 6818 je lui avais parlé. Je lui avais dit que je ne vo
4344 6808 4576 6838 lais pas rester.
4350 6836 4902 6878 D. Votre mère déclare qu'elle es
4360 6868 4416 6898 nidi.
4984 6770 5104 6920 rrivée à
4366 6898 4748 6936 R. Ma mère n'est arrivée
4368 6930 4742 6970 D. Quoi qu'il en soit,
4768 6906 5034 6942 qu’à cinq heures.
4764 6938 5100 6974 nous arrivons à huit
