5362 7363
568 102 972 252 Directeurs-Gérants
356 166 1156 322 H. DE PÈNE — EDMOND TARBE
454 288 1070 446 LE NUMÉRO 15 CENTIMES
522 342 1018 498 (Départements et gares : 20 c.)
558 448 978 606 ABONNEMENTS (Paris)
260 510 1242 670 Un An, 54 fr. — Six mois, 27 fr. — Trois mois, 13 fr. 50
640 620 864 770 ANNONCES
296 670 1212 830 MM. Ch. Lagrange, Cerf et Ce, 6, PLACE DE LA BOURSE
525 944 1403 1102 Administration : 97, rue de Richelieu.
1785 960 2004 1116 1re année.
2354 966 3120 1122 MERCREDI 15 Juillet 1868.
3447 972 3604 1126 Nº 11.
3974 976 4879 1136 Rédaction : 13, rue de la Grange-Batelière.
4444 134 4856 284 Directeurs-Gérants
4251 194 5020 350 H. DE PÈNE — EDMOND TARBE
4326 318 4954 474 LE NUMÉRO 15 CENTIMES
4425 376 4832 526 Départements et gares : 20 c.)
4362 480 4922 634 ABONNEMENTS (Départements)
4148 592 5132 673 Un An, 64 fr. — Six mois, 32 fr. — Trois mois, 16 fr.
4498 696 4768 777 ANNONCES
4174 706 5082 862 MM. Ch. Lagrange, Cerf et Ce, 6, PLACE DE LA BOURSE
2260 782 3160 942 LITTÉRAIRE ET POLITIQUE
276 1168 1004 1207 Le service de distribution du GAULOIS,
244 1216 1004 1255 comme toute organisation nouvelle, laisse
248 1263 998 1307 encore beaucoup à désirer. — Le Gaulois le
232 1317 1008 1351 sait, et il prie ses abonnés, ses lecteurs et
260 1364 1000 1401 ses amis de lui signaler toutes les inexac¬
236 1411 388 1447 titudes.
644 1374 928 1524 L'Administrateur,
700 1426 904 1578 E. MIGNOT.
216 1630 1022 1782 La journée politique
264 1807 1000 1838 L'éventualité d'une prochaine dissolu¬
228 1851 1016 1882 tion du Corps législatif est la plus grave
240 1895 1012 1926 question de la politique intérieure. Inter¬
240 1939 1016 1970 rogé sur les intentions du gouvernement à
244 1982 1014 2014 ce sujet, M. Rouher s'est empressé de ré¬
236 2025 1000 2062 pondre que ledit gouvernement ne son¬
224 2065 1012 2105 geait absolument pas à convoquer les
236 2111 1000 2149 électeurs cette année ; puis, cette déclara¬
225 2157 1010 2194 tion faite, il a ajouté que cependant il ne
248 2201 1006 2238 pouvait répondre de rien, la pensée qui
242 2245 1002 2282 préside à nos destinées étant seule juge de
242 2290 1006 2326 l'opportunité. Voilà qui est formel. Cette
246 2334 1010 2370 manière de dire oui et non date de la
228 2378 1002 2414 guerre de Troie, et M. le Ministre d'Etat
234 2421 1014 2458 en abuse un peu ; mais aussi pourquoi ces
228 2466 1012 2500 messieurs de l'opposition sont-ils si cu¬
240 2509 348 2540 rieux ?
258 2554 996 2590 Des élections aux candidatures officielles,
222 2598 1012 2634 il n'y a que la main. Le gouvernement
222 2642 1012 2678 semble tenir plus que jamais au système
224 2686 1010 2722 qui lui a si bien réussi jusqu'à ce jour. Le
222 2729 1010 2766 préfet continuera à prendre par la main le
219 2777 1008 2810 candidat contrôlé et poinçonné et à l'offrir
220 2820 1004 2854 aux populations comme un résumé de toutes
219 2865 1012 2898 les aptitudeset de toutes les vertus. Immédia¬
224 2909 1004 2942 tement après la présentation administrative,
230 2954 1004 2988 ce candidat aura le droit de se promener dans
226 2999 1008 3030 toute l'étendue de sa circonscription avec
236 3042 1012 3074 une corne d'abondance d'où il tirera, pour
214 3083 1004 3118 les répandre sur les foules, des promesses
238 3130 1010 3166 de ponts, de routes, d'églises, de tableaux,
242 3174 998 3210 de bureaux de tabac. Quant au candidat
222 3218 1002 3254 désagréable, il s'arrangera comme il pourra,
222 3261 1002 3298 bien heureux encore si, deux jours avant
230 3305 1006 3342 le scrutin, on ne répand pas habilement le
226 3349 994 3386 bruit qu'il a empoisonné sa femme et en¬
224 3395 784 3426 levé les tours de Notre-Dame.
238 3437 994 3474 Il est vrai que le candidat de l'opposition
232 3481 996 3516 aura la ressource d'en dire autant de son
236 3525 452 3558 antagoniste.
240 3570 986 3606 C'est dans les campagnes surtout que
232 3614 988 3648 s'exerce en pleine liberté l'influence de
224 3658 540 3690 l'administration.
232 3702 994 3738 Là tout le monde est plus ou moins sous
208 3746 992 3780 la dépendance directe ou indirecte de l'au¬
212 3790 986 3826 torité. Sous-préfet, maire, adjoint, juge de
216 3834 992 3868 paix, commissaire de police, garde cham¬
214 3878 990 3914 pêtre, quelle échelle de Jacob ! Gros Guil¬
210 3922 982 3958 laume pense mal, nous lui prouverons qu'il
210 3966 984 4002 est un braconnier. Tel cabaretier affiche
222 4010 992 4046 une opinion qui n'est pas la nôtre. Vite une
208 4056 984 4092 contravention au compte de cet imprudent,
218 4100 978 4134 et toi, mon gaillard, tu as la prétention de
214 4142 988 4178 voter contre nous, très bien ; nous ne te
206 4188 984 4222 donnerons plus d'ouvrage. Vous rappelez¬
209 4236 984 4266 vous ce maire enthousiaste qui recomman¬
209 4276 992 4310 dait au garde champêtre « de ne pas con¬
218 4320 988 4354 fondre les volailles du gouvernement avec
232 4362 640 4398 celles de l'opposition. »
226 4407 978 4444 Que voulez-vous que fasse le paysan ?
210 4453 988 4486 Pour peu qu'il ait de la volaille, il aimera
206 4495 992 4530 mieux la voir picoter à droite et à gauche
204 4541 990 4578 et s'engraisser à l'ombre tutélaire de la
208 4586 976 4620 tolérance administrative que de la voir
204 4630 992 4664 sécher sur pied et dépérir dans sa misé¬
210 4673 986 4710 rable basse-cour. Ses préférences le porte¬
201 4718 986 4754 raient peut-être vers le candidat opposant,
210 4762 990 4798 sa volaille le ramène à l'autre. Il sait par
210 4805 980 4840 expérience qu’on ne confond pas les vo¬
202 4849 980 4886 lailles du pouvoir avec celles de l'opposi¬
208 4895 304 4926 tion.
1084 1165 1836 1202 Que résulterait-il de tout cela ? Que si le
1064 1206 1830 1246 gouvernement, à l'aide de tous les moyens
1065 1249 1826 1290 dont il dispose, parvenait à faire passer tous
1067 1293 1822 1334 ses candidats, nous aurions un Corps légis¬
1069 1336 1837 1378 latif qui ne reflèterait ni les idées, ni les ten¬
1072 1381 1834 1422 dances, ni l'esprit du pays. Ainsi compris
1068 1426 1826 1466 et pratiqué, le suffrage universel ne serait
1065 1470 1838 1510 plus qu'un instrument docile sous les doigts
1080 1514 1834 1554 de celui qui en jouerait. Comme sous le
1072 1557 1838 1598 premier empire nous aurions un grand
1076 1601 1830 1642 électeur, ce grand électeur ce serait le
1068 1649 1360 1680 gouvernement.
1082 1694 1832 1730 C'est à ses ennemis à le pousser de ce
1078 1738 1840 1774 côté. Quant aux esprits indépendants et
1058 1782 1832 1818 impartiaux, ils ont d'autres désirs et con¬
1064 1826 1482 1862 seillent une autre voie.
1458 1802 1736 1958 EDMOND TARBÉ.
1070 2074 1820 2230 PHILOSOPHIE DROLATIQUE
1398 2152 1496 2302 1868
1242 2268 1646 2422 EXAMEN PRÉPARATOIRE
1088 2415 1822 2459 Un public respectueux, mais turbulent,
1060 2464 1826 2507 s'entasse sur les banquettes. On remarque
1076 2512 1822 2555 beaucoup de prétendus élèves dont l'âge un
1060 2563 1830 2603 peu mur ne dénoncerait pas de grands pro¬
1074 2611 1840 2651 grès dans leurs études. Cette jeunesse véné¬
1058 2659 1838 2699 rable se distingue toutefois par de bruyan¬
1060 2707 1840 2749 tes interruptions. On introduit le candidat.
1086 2771 1792 2811 LE MAITRE. — Votre nom, votre âge ?
1076 2819 1834 2863 LE CANDIDAT. — Michel Berguichout,
1064 2869 1348 2903 vingt-deux ans.
1076 2915 1822 2959 LE MAITRE. — A cet âge, on doit avoir
1060 2963 1830 3007 l'esprit suffisamment dégagé de tout pré¬
1078 3014 1296 3052 jugé puéril.
1094 3063 1824 3105 MICHEL. — J'espère vous prouver que
1054 3111 1642 3151 j'en suis dégagé complétement.
1086 3159 1818 3203 LE MAITRE. — Nous verrons bien. Et
1082 3207 1762 3251 l'abord, qu'est-ce que la philosophie ?
1072 3255 1814 3299 MICHEL. — Pour les esprits faibles, c'est
1068 3303 1818 3347 un prétexte à de futiles contradictions à
1060 3351 1822 3395 propos de Dieu, de l'Univers et de l'Hu¬
1060 3399 1204 3435 manité.
1064 3451 1812 3491 LE MAITRE. — Et pour les esprits forts ?
1072 3499 1806 3539 MICHEL. — C'est la confiance en notre
1050 3547 1822 3591 seule raison : autrement dit, le mépris de
1050 3593 1548 3635 tout, excepté de soi-même.
1080 3637 1828 3690 LE MAITRE. — Très-bien, mais comme il
1056 3692 1812 3735 faut faire quelques concessions aux intelli¬
1060 3740 1824 3783 gences vulgaires, parlez-nous un peu de
1052 3789 1168 3823 Dieu.
1074 3838 1822 3883 MICHEL. — Il s'agit de savoir de quel
1048 3884 1818 3931 Dieu. Nous avons, d'abord, l'ancien Dieu
1052 3934 1822 3978 de nos pères. — Un pur esprit, infiniment
1054 3986 1824 4022 parfait, créateur du ciel et de la terre. —
1050 4030 1818 4075 Mais c'est du VIEUX JEU. N'en parlons plus.
1060 4080 1402 4119 (Très bien ! Bravo.)
1060 4127 1810 4171 LE MAITRE. — Qu'entendez - vous par
1060 4177 1260 4211 VIEUX JEU ?
1072 4223 1806 4267 MICHEL. — J'entends toutes les supersti¬
1040 4271 1816 4315 tions qui ont prétendu constituer la morale
1058 4321 1808 4363 jusqu'à l'avènement glorieux des libre¬
1038 4369 1820 4413 penseurs de nos jours. (Murmures approba¬
1038 4419 1606 4463 teurs de la jeunesse vénérable.)
1058 4467 1536 4507 LE MAITRE. Continuez.
1080 4515 1818 4559 MICHEL. — Dans d'autres compartiments
1036 4563 1810 4611 d'idées, faut-il citer la Substance unique
1052 4611 1810 4659 de Spinoza ou la Synthèse humanitaire
1038 4663 1806 4707 d'Hégel ? A quoi bon ? Autant vaudrait
1048 4713 1816 4756 parler du Dieu de Proudhon qui, selon lui,
1038 4760 1824 4803 serait le Diable. Mais celui-là n'est vrai¬
1044 4808 1816 4851 ment pas présentable : car où Dieu n'est
1040 4855 1824 4901 pas, le Diable doit assurément perdre ses
1036 4903 1538 4947 droits. (Bruyante hilarité.)
1930 1172 2658 1213 LE-MAITRE. — Ce serait du moins logi¬
1912 1220 1992 1253 que.
1936 1271 2660 1311 MICHEL. — Maintenant, pour faire plai¬
1893 1319 2656 1359 sir au journal le Siècle, on peut souscrire
1894 1367 2652 1407 au Dieu de Voltaire. Cet artisan suprême
1893 1415 2652 1455 — mais incompréhensible — n'a rien de
1892 1464 2650 1503 bien exigeant. On se fait ainsi une petite
1898 1515 2668 1553 religion de poche facile à pratiquer par¬
1890 1561 2660 1601 tout, même en voyage. C'est même pour
1894 1612 2652 1651 cette raison que les Bourgeois ont adopté
1892 1660 2660 1699 la chose sous le nom de Dieu des bonnes
1904 1707 2668 1747 gens. Ce qui représente un Dieu retiré des
1892 1755 2650 1795 affaires, et regardant tranquillement évo¬
1889 1804 2656 1843 luer les mondes, comme un marchand,
1896 1852 2666 1891 devenu campagnard, regarde la poussière
1892 1903 2662 1943 de la route. Encore bien vieux jeu, mais
1890 1951 2370 1991 d'une parfaite innocence.
1916 2004 2662 2047 LE MAITRE. — Accepté, mais vous qui
1892 2056 2656 2091 parlez toujours de vieux jeu, quel est donc
1896 2106 2560 2139 votre jeune jeu, en fait de religion ?
1920 2150 2672 2192 MICHEL. — Moi, c'est bien simple ; je ne
1890 2202 2212 2240 joue pas du tout.
1912 2252 2534 2291 LE MAITRE. — Ce qui veut dire...
1912 2300 2660 2339 MICHEL. — Que je suis matérialiste
1904 2348 2656 2387 comme tous ceux qui m'écoutent ici, et
1904 2396 2392 2435 comme vous-même, enfin,
1908 2450 2424 2483 LE MAITRE. Permettez.
1920 2496 2668 2533 CHŒUR GÉNÉRAL. — Oui ! oui ! nous som¬
1898 2543 2650 2583 mes tous matérialistes, et vous aussi.
1900 2593 2172 2627 Bravo ! Bravo !
1920 2639 2652 2679 LE MAITRE, avec une gravité ironique. —
1896 2687 2658 2731 Je vous affirme, Messieurs, que je suis
1896 2741 2248 2775 sincèrement spiri...
1906 2787 2656 2827 CHŒUR GÉNÉRAL. — Tuel, tuel, oui spiri¬
1892 2835 2320 2873 tuel, mais pas tualiste.
1920 2883 2650 2927 LE MAITRE salue, se rengorge et souriant
1887 2935 2646 2973 à Michel. — Passons à vos idées sur l'Uni¬
1883 2985 1988 3019 vers.
1920 3032 2652 3071 MICHEL. — L'Univers est le produit du
1890 3080 2648 3119 hasard. Lancée à pile ou face dans l'es¬
1892 3128 2656 3167 pace, la matière s'est combinée à l'infini,
1888 3177 2654 3215 et ses carambolages fortuits ont formé
1884 3229 2644 3264 d’eux-mêmes tous les corps, depuis le grain
1886 3275 2652 3309 de sable jusqu'à l'étoile, et les invertébrés
1886 3324 2658 3363 comme les philosophes. Donnez-moi de la
1882 3372 2656 3411 matière, du mouvement et des siècles, et
1880 3420 2272 3459 j'en ferai tout autant.
1908 3468 2648 3507 UNE VOIX RAILLEUSE. — Toutes ces ren¬
1882 3514 2638 3555 gaines-là sont plus vieilles que les plus
1888 3564 2132 3601 vieilles rues.
1900 3615 2660 3649 LE MAITRE. — La vérité me force à dire
1884 3664 2648 3699 que Titus Lucrétius Carus versifiait les
1890 3712 2656 3751 mêmes choses il y aura tantôt deux mille
1888 3759 1972 3793 ans.
1918 3807 2652 3847 MICHEL. — Quimporte ? la vérité est tou¬
1882 3855 2652 3895 jours jeune, et notre vaillante génération
1880 3904 2648 3943 le prouve en dépit des crétins qui s'abru¬
1882 3954 2654 3991 tissent dans la croyance à l'âme humaine.
1880 4001 2276 4039 (Sensation prolongée.)
1916 4050 2640 4087 LE MAITRE.. — Vous niez alors complé¬
1880 4100 2144 4136 tement l'âme ?
1900 4147 2651 4187 MICHEL. — J'attends, pour en parler,
1880 4201 2568 4235 qu'on veuille bien m'en montrer une.
1892 4247 2648 4285 LA VOIX RAILLEUSE. — La sottise ne se
1874 4293 2654 4335 voit pas non plus avec les yeux du corps.
1908 4345 2646 4382 AUTRE VOIX TIMIDE. — Mais on l'entend
1880 4390 2654 4430 avec les oreilles. (Mouvement d'indignation.
1892 4436 2172 4466 A bas les idiots.)
1890 4479 2636 4519 LE MAITRE.. — De telles interruptions
1878 4527 2640 4567 sont vraiment déplorables. — A Michel.
1870 4573 2652 4615 — Et l'homme, son histoire, sa destina¬
1874 4623 2356 4663 tion, qu'en pensez-vous ?
1912 4676 2642 4715 MICHEL. — Comme nous disons que
1866 4724 2640 4763 l'homme est tout simplement un animal
1872 4772 2648 4811 comme un autre, je ne vois pas pourquoi
1868 4820 2648 4861 il aurait une destination particulière.
1868 4868 2636 4909 Quant à savoir s'il est apparu subitement
1880 4916 2644 4957 sur terre, ou s'il est le résultat de méta¬
2720 1180 3488 1219 morphoses successives, cela m'est parfai¬
2716 1228 3484 1267 tement égal. Descendre d'un Adam quel¬
2719 1276 3492 1315 conque ou d'un coquillage m'est tout un ;
2720 1323 3495 1363 et j'admets très-bien un colimaçon pour
2732 1377 3488 1410 premier ancêtre, un kanguroo pour tri¬
2718 1420 3380 1458 saïeul et pour grand-père un singe.
2736 1476 3478 1515 LA VOIX RAILLEUSE. — On demande à
2720 1524 3488 1561 voir les portraits de famille. (Nouvelle irri¬
2740 1573 2848 1607 tation).
2748 1631 3488 1667 LE MAITRE. — Pardon, messieurs, mais
2724 1682 3480 1715 tout en reconnaissant la haute valeur du
2726 1728 3494 1765 candidat, je ne puis tolérer qu'on nie de¬
2717 1775 3494 1815 vant moi la destination de l'homme, qui est
2714 1829 3328 1863 le sentiment et l'amour du Bien.
2738 1883 3494 1921 MICHEL. — Oui, comme morale utilitaire.
2730 1931 3478 1971 L'homme ayant besoin de la bienveillance
2720 1979 3494 2019 de ses semblables, doit se montrer bien¬
2724 2033 3496 2067 veillant pour eux. Nommons donc cela un
2724 2082 3496 2115 sage calcul et non pas un sentiment. C'est
2722 2128 3494 2165 pourquoi ce qu'on appelle un méchant est
2714 2174 3484 2215 simplement un maladroit. (Rumeurs diver¬
2728 2226 2800 2265 ses).
2748 2279 3486 2315 LE MAITRE. — A ce compte, monsieur,
2724 2326 3492 2364 le mal ne devrait être blâmé que comme
2720 2378 3204 2416 un mauvais raisonnement.
2750 2425 3488 2463 MICHEL. — Mais c'est peut-être ce que les
2716 2476 3484 2511 vrais matérialistes devraient hautement
2716 2525 3496 2559 reconnaître. Car si les passions de l'homme
2720 2572 3488 2607 dépendent seulement de son organisation
2722 2619 3490 2659 physique, le rendre responsable de ses ac¬
2712 2660 3478 2711 tions, c'est absolument comme si l'on pu¬
2713 2713 3492 2759 nissait une pierre parce qu'elle tombe, ou
2712 2760 3480 2811 si l'on récompensait un gaz parce qu'il
2715 2814 3492 2852 s'élève. (Vives approbations. Ecoutez !
2716 2865 2896 2904 écoutez !)
2736 2919 3484 2955 LE MAITRE. — Encore une fois, je ne puis
2732 2969 3492 3003 laisser professer de semblables maximes
2724 3017 3244 3051 destructives de toute société.
2744 3065 3486 3103 MICHEL, s'animant. — Mais, Monsieur,
2732 3117 3480 3151 c'est pourtant la juste conséquence de ce
2712 3165 3480 3199 que vous enseignez dans vos propres li¬
2720 3213 3484 3247 vres, puisqu'il n'y a pas, selon vous, de
2724 3260 3360 3295 principe immatériel chez l'homme.
2738 3307 3484 3345 LE MAITRE. — C'est une erreur. Je dis
2726 3357 3478 3395 au contraire, dès le début — s'il n'y a
2714 3403 3476 3443 pas de principe immatériel — Vous com¬
2724 3453 3488 3489 prenez — S'il n'y a pas — c'est un condi¬
2720 3499 3300 3539 tionnel et non une affirmation.
2738 3543 3492 3590 MICHEL, exalté. — Il est possible que cette
2710 3591 3480 3640 conjonction soit nichée dans un petit coin,
2728 3646 3490 3684 mais tout le reste affirme positivement le
2716 3695 3488 3733 contraire. Si je voulais serrer la question
2716 3743 3490 3783 de plus près, je prouverais même que,
2708 3796 3488 3831 dans votre pensée, rien ne distingue la
2712 3845 3488 3879 mort de la vie, et que ce que nous appelons
2724 3893 3492 3927 la mort est tout simplement une subdivi¬
2710 3940 2818 3979 sion.
2738 3989 3472 4027 LE MAITRE. — Vous interprétez mal.
2714 4039 3202 4075 (Nombreuses dénégations.)
2748 4090 3472 4123 LA VOIX RAILLEUSE. — Non ! c’est la vé¬
2720 4136 3488 4171 rité, et je demande la parole pour une ap¬
2706 4185 3472 4221 probation. (Violentes clameurs. C'est un
2708 4232 3116 4269 sacristain, à la porte.)
2746 4280 3466 4317 UNE VOIX FURIEUSE. — Laissez-le par¬
2704 4329 3170 4366 ler, nous verrons après !
2726 4388 3488 4423 L'INTERRUPTEUR SE LEVANT. — Soit, vous
2700 4438 3472 4471 verrez après, et je vous remercie de cette
2706 4485 3470 4522 tolérance. Mais je tiens à vous témoigner
2710 4533 3476 4570 avant tout mon admiration pour le sys¬
2712 4581 3474 4618 tème que l'on vient d'exposer. Grâce à ce
2706 4632 3487 4667 progrès, quand on perdra son père, au lieu
2704 4680 3484 4715 du billet mortuaire habituel, on écrira
2704 4730 3476 4763 tout uniment : — J'ai le plaisir de vous ap¬
2704 4774 3478 4811 prendre que mon père vient enfin de se
2703 4824 3488 4858 subdiviser. Ce qui sera autrement guille¬
2710 4872 3480 4911 ret. (Explosion de colère, cris d'indignation,
2702 4924 3214 4959 vacarme à grand orchestre.)
3573 1179 4324 1232 LE MAITRE. — Voyons, Messieurs, du
3572 1235 4314 1275 calme. Contre de pareils adversaires, le
3576 1283 3804 1319 dédain seul...
3560 1376 4308 1415 Sa voix se perd dans le tumulte. En dé¬
3548 1424 4310 1463 pit de son exhortation, on se rue sur l'in¬
3550 1473 4306 1515 terrupteur qu'on met à la porte aux cris
3554 1522 4302 1563 de : Vive la liberté ! Pendant cette punition
3552 1572 4312 1611 sommaire, le Maître explique, à ses fer¬
3548 1619 4308 1659 vents, que Michel n'a pas complétement
3552 1668 4314 1711 tort ; mais que certaines vérités, bonnes à
3550 1716 4302 1755 mettre dans des livres, doivent être sou¬
3558 1767 4314 1807 vent atténuées en public, dans l'intérêt
3542 1815 3994 1855 même de la libre pensée.
3576 1863 4304 1903 Cette loyale déclaration rend au Maître
3550 1915 4320 1953 toute la faveur de l'auditoire, qui le recon¬
3548 1958 4310 2004 duit à sa voiture avec un peu de Marseil¬
3548 2010 4176 2052 laise et beaucoup d'acclamations.
3560 2135 4312 2171 Escorté par toute la jeunesse véné¬
3570 2183 4310 2223 rable, Michel est alors conduit en triom¬
3554 2231 4314 2271 phe dans une brasserie matérialiste, où
3554 2279 4310 2319 l’on jure, sur des bocks mousseux, haine
3548 2331 4196 2367 à l'infâme et guerre aux cléricaux.
3808 2358 4068 2514 DIX ANS APRÈS.
3889 2425 3993 2578 1878
3564 2568 4316 2604 Michel Berguichout est marié et père de
3544 2616 4304 2652 famille. L'Eglise a béni son union, ses en¬
3556 2664 4304 2700 fants sont baptisés, et sa femme les con¬
3552 2713 4312 2747 duit régulièrement à la messe les diman¬
3558 2760 4318 2799 ches et fêtes. A la mort de sa mère, qu'il
3562 2810 4312 2847 adorait, non-seulement Michel a fait célé¬
3560 2860 4316 2895 brer un service religieux, mais c'est lui¬
3552 2907 4308 2941 même qui est allé réclamer le ministère
3544 2958 4308 2995 d'un prêtre pour la mourante. Certains
3546 3008 4318 3043 jours de l'année, Berguichout accompagne
3544 3056 4316 3091 sa famille au cimetière, et quand ses en¬
3542 3104 4312 3139 fants, agenouillés sur une tombe, supplient
3548 3152 4322 3188 l'âme de leur grand'mère d'intercéder près
3552 3201 4316 3235 de Dieu pour papa et maman, l'ancien ma¬
3548 3247 4304 3283 térialiste fait toujours semblant d'avoir
3546 3295 4318 3331 quelque chose dans l'œil pour cacher son
3554 3342 3854 3382 attendrissement.
3564 3391 4302 3431 Attendu que cette incrédulité rigide n'é¬
3560 3445 4304 3479 tait qu'une pose de vanité, et qu'il a tou¬
3552 3492 4320 3527 jours été le plus sentimental garçon du
3552 3539 3696 3579 monde.
3562 3589 4300 3625 Avis : Michel fait très mauvaise mine
3543 3638 4316 3675 aux anciens camarades qui se permettent de
3543 3684 4298 3723 légères impiétés en présence de sa famille
4006 3674 4254 3826 LAURENT-JAN.
3552 3921 4308 3952 L'auteur de Misanthropie sans repentir,
3542 3966 4319 4002 M. Laurent-Jan est devenu le collaborateur
3545 4010 4316 4046 du Gaulois, qui est heureux de publier une
3543 4054 4317 4090 fantaisie signée de ce brillant humoriste à
3550 4097 4316 4134 qui l'on n'a jamais reproché que d'être trop
3544 4147 3880 4178 avare de lui-même.
3642 4318 4184 4470 CE QUI SE PASSE
3560 4482 4312 4518 Lundi, dans la matinée, la reine de Mohély
3536 4526 4308 4562 a fait témoigner à M. Perrin son désir d'as¬
3540 4570 4312 4606 sister à Herculanum. Elle craignait l'éclat de
3552 4614 4312 4650 la loge de service et tenait à passer inaperçue.
3548 4658 4310 4698 Ce que femme veut, Dieu le veut ; la baignoi¬
3538 4706 4308 4740 re n° 10, dont feu M. Fould était titulaire le
3534 4748 4306 4786 lundi, se trouve quelquefois libre à présent ;
3572 4796 4304 4826 on a pu la donner à la reine ; c'est la plus
3560 4838 3880 4870 sombre de l'Opéra.
3538 4881 4310 4914 La reine y est arrivée dès le commencement
3548 4925 4300 4960 du spectacle. Elle était coiffée d'un bandeau
4381 1190 5130 1238 d'or. Elle avait une robe rouge et noire mon¬
4370 1235 5130 1282 tante. Elle est fort agréable cette princesse au
4376 1281 5148 1326 teint cuivré. Un splendide officier en grande te¬
4370 1325 5148 1372 nue madécasse, pantalon blanc à l'européenne,
4372 1369 5140 1416 tunique rouge et or, coiffé d'un turban blanc
4375 1413 5144 1460 à aigrette était au fond de la loge. Une dame
4378 1460 5146 1502 française, dont la famille s'est acclimatée
4375 1505 5144 1548 dans l'île de Mohilla, et qui accompagne la
4374 1549 5132 1590 reine dans son voyage, était avec elle à l'O¬
4376 1593 4462 1624 péra.
4400 1637 5138 1682 La reine parle français; l'ouvreuse en peut
4372 1680 4716 1718 rendre témoignage.
4392 1725 5130 1770 Deux amours de négrillons complétaient la
4368 1770 4458 1804 loge.
4378 1809 5132 1862 Le même soir, à l'Opéra, était le marquis de
4385 1861 5144 1904 Caux, arrivé dimanche, et reparti ce matin
4380 1907 4636 1938 pour Londres.
4380 1949 5148 1992 La Granzow et Mlle Hisson, qui débute
4388 1993 5150 2038 mercredi à l'Opéra, étaient aussi dans cette
4374 2039 4694 2074 salle à sensation.
4400 2138 5142 2178 Vicor Hugo doit être le 20 de ce mois, au
4378 2182 4776 2218 plus tard, à Bruxelles.
4402 2227 5150 2266 Le 21, c'est la saint Victor. Tous les ans, à
4372 2270 5150 2310 pareille époque, la famille se groupe autour
4370 2311 4730 2350 de son illustre chef.
4394 2362 5150 2402 M. Charles Hugo est encore à Paris en ce
4380 2402 4548 2436 moment.
4404 2506 5134 2546 A un dîner dont j'étais, on se mit à parler
4372 2550 5142 2590 des deux vers que Victor Hugo a donnés
4372 2594 5140 2634 pour collier à son chien et qui, au premier
4374 2637 5142 2678 abord, ne sont pas assez respectueux pour
4372 2682 5136 2724 le Sénat. Il se trouva des voix pour blâmer
4374 2730 5138 2766 M. de Pène de les avoir édités dans son arti¬
4370 2774 5144 2812 cle sur Guernesey. — On ne reconnaissait
4372 2818 5146 2854 pas là, fut-il dit, sa politesse et sa conve¬
4374 2862 4688 2892 nance ordinaires.
4384 2906 5130 2946 Selon d'autres, c'était une boutade d'exil,
4372 2950 4704 2980 sans conséquence.
4384 2993 5130 3034 Mais un troisième, un fanatique de la race
4382 3039 5130 3078 canine, qui déclare, avec Charlet, que le
4373 3081 5146 3122 chien est ce qu'il y a de mieux dans l'homme,
4370 3129 5146 3166 se mit à accuser Victor Hugo d'inconséquence
4372 3175 4840 3206 et M. de Pène de trahison.
4406 3218 5138 3254 Victor Hugo qui a écrit dans les Contem¬
4374 3258 4530 3294 plations :
4746 3214 5098 3370 Le chien c'est la vertu
4372 3246 5140 3401 Qui, ne pouvant se faire homme, s'est faite bête.
4365 3393 5142 3430 a honoré ce qu'il prétendait insulter en don¬
4366 3437 4974 3470 nant le nom de Sénat à son chien.
4382 3482 5152 3518 M. de Pène, après s'être affiché, en toute oc¬
4366 3530 5160 3562 casion, comme un fanatique de cette vertu à
4366 3574 5150 3610 quatre pattes : le chien, s'est montré indigne
4371 3618 5158 3654 de servir désormais la cause sacrée, en s'as¬
4386 3662 5158 3698 sociant à la légèreté coupable du poète qui a
4365 3706 5142 3742 loué ce qu'il voulait abaisser, et abaissé ici
4367 3751 4892 3782 ce qu'il a si bien loué ailleurs.
4404 3861 5126 3894 Une lectrice du Gaulois nous écrit de Hom¬
4384 3905 4480 3936 bourg.
4392 3953 5136 3990 Sa lettre contient du gui de chène, plante
4370 3997 5136 4034 druidique, — il faudrait n'avoir jamais vu
4369 4041 4756 4078 Norma pour l'ignorer.
4396 4086 5138 4122 Elle signe, du reste, Norma, cette belle (je
4384 4129 5144 4166 n'en sais rien, mais j'en suis sûr) Gauloise et
4384 4173 5132 4210 nous dit : « Cher Gaulois, prends cette moitié
4376 4217 5153 4254 de branche de gui, c'est un fétiche certain ;
4369 4261 5140 4300 samedi dernier, quand je suis arrivée avec
4372 4229 5140 4382 mon gui, le comte de..... perdait 250,000 fr.
4368 4356 5136 4386 contre la Banque; grâce à mon gui, non-
4368 4398 5140 4430 seulement il les a reconquis, mais 150,000 au¬
4372 4442 5148 4476 tres ont pris le chemin de sa poche. Si tu vas
4366 4486 4794 4520 jouer prends mon gui. »
4396 4530 5150 4566 Un industriel facétieux couvre en ce mo¬
4382 4574 5147 4610 ment les murailles d'une affiche où il est en¬
4360 4619 5140 4654 joint aux baigneurs de ne pas partir pour
4366 4663 5134 4698 Trouville ou Dieppe, sans... Adèle. Ne pas par¬
4366 4706 5142 4742 tir pour Bade, Ems, Hombourg ou Spa, sans
4366 4753 5134 4786 son gui, me semble encore plus intéressant;
4372 4799 4660 4830 Tout va au gui !
4402 4802 5164 4962 Noms extraits des publications de mariage :
4393 4850 5144 5002 M. Paul Laurens de Waru, lieutenant de
191 5028 981 5180 Feuilleton du GAULOIS du 15 juillet 1868.—N°11
366 5332 802 5486 L'ABIME
553 5449 622 5603 PAR
275 5554 909 5708 CHARLES DICKENS (1)
397 5871 768 5926 DEUXIÈME ACTE
512 5947 656 6002 (suite)
230 6046 956 6082 Quel était donc celui qu'on soupçon¬
187 6086 316 6120 nait ?
226 6142 972 6174 Vendale pensa qu'il chercherait inutile¬
196 6183 960 6214 ment à le deviner. Mais qui pouvait-il bien
182 6222 970 6254 envoyer à Neufchâtel avec le reçu? Certes
188 6262 964 6294 il n'était pas difficile de trouver au Carre¬
189 6302 960 6334 four des Ecloppés un homme courageux et
196 6341 974 6372 honnête. Mais où était l'homme accoutumé
187 6382 972 6414 aux voyages, parlant le Français, et sur qui
206 6422 972 6454 l'on pourrait réellement compter pour te¬
198 6458 964 6494 nir à distance tout étranger qui voudrait
186 6498 966 6534 lier connaissance avec lui pendant la route?
186 6538 960 6574 Vendale n'avait réellement qu'un seul com¬
198 6578 968 6614 pagnon sous la main, qui réunit toutes les
184 6618 962 6654 conditions dans sa personne. C'était lui¬
200 6664 316 6694 même.
220 6714 950 6750 Un grand sacrifice sans doute que de
177 6754 958 6790 quitter sa maison, un plus grand sacrifice
181 6793 958 6830 encore que de quitter Marguerite. Mais
170 6842 682 7002 1) Toute reproduction interdite.
1032 5050 1806 5094 après tout, il s'agissait de cinq cents livres
1032 5090 1810 5132 et M. Rolland insistait si positivement sur
1038 5130 1806 5174 l'interprétation littérale des démarches
1040 5170 1808 5212 par lui conseillées, qu'il ne fallait point
1030 5210 1808 5250 hésiter à lui obéir. Plus Vendale réfléchis¬
1032 5250 1804 5292 sait, plus la nécessité de son départ lui ap¬
1046 5290 1436 5326 paraissait clairement.
1072 5262 1598 5422 — Partons !... — soupira-t-il.
1052 5405 1798 5450 Comme il remettait le reçu et la nou¬
1032 5446 1786 5490 velle lettre sous clef, certaine association
1026 5487 1794 5528 d'idées lui vint qui lui rappela Obenreizer.
1032 5526 1796 5566 Il pensa qu'avec l'aide de celui-ci, il lui
1033 5566 1804 5606 deviendrait bien plus facile de deviner quel
1036 5606 1804 5646 pouvait être le voleur; Obenreizer pouvait
1029 5645 1432 5682 le lui faire connaître.
1062 5712 1790 5754 Cette pensée avait à peine traversé son
1027 5753 1798 5792 esprit que la porte s'ouvrit et qu'Obenrei¬
1026 5790 1224 5825 zer entra.
1070 5858 1802 5902 — On m'a dit dans Soho Square qu'on
1036 5898 1794 5942 attendait votre retour dans la soirée d'hier,
1026 5938 1794 5982 — lui dit Vendale en lui souhaitant la bien¬
1026 5980 1794 6022 venue.— Avez-vous fait de bonnes affaires
1036 6018 1802 6062 en province?... Etes-vous mieux portant ?
1062 6006 1782 6170 — Mille grâces, — répondit Obenreizer,
1038 6128 1778 6168 — j'ai fait admirablement mes affaires. —
1034 6166 1782 6206 Je suis bien !... très bien !... — Et mainte¬
1032 6206 1788 6246 nant, quelles nouvelles ? Avez-vous des
1022 6246 1364 6280 lettres de Suisse ?
1070 6300 1790 6342 — Une lettre bien extraordinaire, — dit
1028 6338 1786 6382 Vendale. — L'affaire a pris une tournure
1026 6380 1786 6418 nouvelle, et l'on me recommande de Neuf¬
1018 6420 1784 6458 châtel le plus profond secret sur les me¬
1028 6458 1796 6498 sures que nous allons adopter. Ce se¬
1020 6498 1784 6540 cret doit être gardé vis à vis de tout le
1026 6538 1218 6574 le monde.
1050 6592 1790 6634 — Sans en excepter personne ? — de¬
1036 6634 1380 6668 manda Obenreizer.
1048 6698 1792 6738 Et tout en répétant : « Personne, » il se
1028 6738 1788 6780 retira d'un air pensif du côté de la croisée,
1024 6778 1776 6818 à l'autre bout de la chambre, regarda pen¬
1028 6818 1792 6858 dant un moment dans la rue ; puis, tout à
1014 6858 1504 6894 coup, revenant à Vendale.
1040 6846 1784 7006 — Sûrement, ils ont perdu la mémoire,
1874 5062 2632 5098 — dit-il, — puisqu'ils ne font pas même
1868 5104 2396 5134 une exception en ma faveur.
1920 5154 2638 5192 — C'est Monsieur Rolland qui m'écrit, —
1872 5194 2628 5230 répliqua Vendale, — comme vous le dites,
1858 5232 2644 5270 il doit avoir perdu la mémoire. Ce côté de
1862 5274 2642 5310 l'affaire m'échappait complétement. Je
1870 5314 2632 5350 souhaitais de vous voir et de vous con¬
1858 5354 2632 5390 sulter au moment même où vous êtes
1862 5392 2644 5430 entré. Je suis pourtant lié par une défense
1860 5434 2632 5470 formelle, mais je ne puis croire qu'elle
1864 5474 2628 5510 vous concerne. Tout cela est bien fâcheux.
1892 5530 2634 5566 Les yeux d'Obenreizer, couverts de leur
1856 5569 2438 5602 nuage, se fixèrent sur Vendale.
1894 5616 2640 5654 — Peut-être est-ce bien plus que fâ¬
1858 5656 2638 5698 cheux, — dit-il. — Je suis venu ce matin,
1860 5698 2632 5736 non-seulement pour avoir des nouvelles,
1860 5738 2622 5774 mais pour m'offrir à vous comme intermé¬
1856 5778 2634 5814 diaire ou comme messager. Le croirez-
1856 5818 2632 5854 vous ? J'ai reçu des lettres qui m'obligent
1854 5856 2638 5894 à me rendre en Suisse sans tarder. J'aurais
1868 5898 2622 5934 pu me charger des pièces et documents de
1856 5938 2628 5974 cette affaire et les remettre à Defresnier...
1904 5990 2618 6030 — Vous êtes bien l'homme qu'il me
1856 6030 2614 6070 fallait, — fit Vendale. — Il n'y a pas cinq
1854 6074 2618 6110 minutes que cherchant autour de moi et ne
1852 6110 2618 6150 trouvant personne qui pût me remplacer
1851 6150 2626 6186 dans le voyage, j'avais résolu de l'entre¬
1860 6190 2618 6230 prendre moi-même.... Laissez-moi relire
1855 6231 2088 6266 cette lettre.
1888 6302 2612 6334 Il ouvrit la chambre de fer pour y re¬
1848 6340 2620 6376 prendre la lettre. Obenreizer jeta un
1860 6378 2620 6416 coup-d'œil rapide autour de lui pour bien
1848 6418 2620 6454 s'assurer qu'ils étaient seuls, le suivit à
1846 6458 2620 6494 deux pas de distance, et sembla le mesurer
1849 6498 2614 6534 du regard. Vraiment, Vendale était plus
1846 6538 2627 6574 grand que lui et sans doute plus fort. Oben¬
1846 6577 2620 6614 reizer recula et s'approcha de la cheminée.
1878 6634 2608 6670 Vendale pendant ce temps, lisait pour la
1842 6674 2620 6710 troisième fois le dernier paragraphe de la
1858 6714 2620 6750 lettre. Il y avait là un avis très clair et la
1842 6754 2626 6790 dernière phrase demandait au jeune négo¬
1843 6794 2474 6830 ciant de suivre cet avis à la lettre.
1872 6856 2616 6890 D'un côté une grosse somme d'argent
1837 6894 2620 6930 en jeu, de l'autre un terrible soupçon à
1838 6938 2622 6974 éclaircir. Vendale comprit que s'il agissait
2700 5064 3480 5098 à sa guise et si quelque événement arri¬
2696 5108 3476 5138 vait ensuite et déjouait toutes les mesures
2706 5146 3462 5176 prises, la faute lui en serait imputée, le
2712 5186 3468 5218 blâme retomberait sur lui seul. En sa qua¬
2704 5226 3476 5258 lité d'homme d'affaires, il n'avait vrai¬
2708 5268 3460 5298 ment qu'un parti à suivre. Il remit la lettre
2708 5308 2876 5338 sous clef.
2736 5372 3460 5406 — Quel ennui ! — dit-il à Obenreizer. —
2684 5414 3456 5446 Il y a sans doute ici de la part de M. Rol¬
2688 5452 3464 5486 land un oubli inconcevable et qui me met
2692 5490 3470 5526 dans une sotte et fausse position vis-à-vis
2687 5532 3471 5566 de vous. Que dois-je faire? Il me semble
2688 5570 3466 5606 qu'ayant un si grand intérêt dans cette fâ¬
2688 5610 3464 5646 cheuse aventure dont j'ignore tous les dé¬
2687 5650 3462 5685 tails, je n'ai pas la liberté de ne pas obéir
2688 5690 3456 5726 aux injonctions de mon correspondant et
2686 5730 3456 5766 que je dois au contraire m'y conformer
2684 5770 3470 5806 sans résistance. Vous me comprendrez
2691 5812 3460 5846 certainement. Vous me voyez esclave des
2687 5850 3470 5886 ordres que je reçois et je ne peux assez
2690 5890 3466 5926 vous dire combien j'aurais été heureux, en
2690 5930 3458 5966 cette occasion, d'accepter vos services....
2714 5989 3464 6026 —N'en parlons plus, dit Obenreizer.—
2688 6032 3452 6066 A votre place, je n'agirais pas différem¬
2692 6070 3462 6106 ment. Je ne suis donc point du tout of¬
2684 6116 3448 6146 fensé de votre conduite et je vous remercie
2681 6156 3456 6186 pour le compliment que vous me faites...
2688 6192 3456 6226 Bah! nous serons au moins compagnons de
2681 6230 3458 6266 voyage. Vous partez avec moi aujourd'hui
2681 6276 2804 6307 même.
2716 6330 3442 6366 — Aujourd'hui. Mais il faut, cela va sans
2678 6374 3198 6406 dire, que je voie Marguerite.
2726 6430 3452 6466 — Assurément. Voyez la ce soir. Vous
2680 6472 3456 6506 me prendrez au passage et nous nous ren¬
2684 6514 3448 6546 drons ensemble au chemin de fer. Nous
2676 6554 3440 6586 partirons à huit heures par le train poste.
2722 6524 3384 6678 — Par le train poste, — dit Vendale.
2692 6700 3436 6730 Il était plus tard que Vendale ne le
2678 6736 3452 6770 croyait, lorsqu'il arriva à la maison de
2680 6778 3436 6810 Soho Square. Les affaires suscitées par ce
2676 6818 3448 6852 départ précipité avaient surgi devant lui
2666 6858 3444 6891 par douzaines. Toutes sortes d'obligations
2666 6898 3440 6932 qu'il ne pouvait négliger le forcèrent de
2690 6940 3446 6974 se résigner à cette cruelle perte d'un temps
3542 5066 4294 5102 si court et si précieux qu'il voulait consa¬
3530 5106 4298 5142 crer à Marguerite. A sa grande surprise et
3526 5146 4310 5182 à son extrême joie, elle était seule dans le
3540 5188 3920 5218 salon lorsqu'il entra.
3568 5250 4296 5286 — Nous n’avons que peu d'instants à
3522 5294 4302 5326 nous, George, — dit-elle, — mais grâce à
3530 5332 4298 5366 la bonté de Mme Dor, nous pouvons au
3524 5372 4300 5407 moins les passer tous deux seuls ensemble.
3562 5359 4214 5510 Elle lui jeta les bras autour du cou.
3554 5500 4294 5534 — George, lui dit-elle tout bas, — avez¬
3540 5544 4300 5574 vous fait quelque chose qui ait pu blesser
3544 5584 3828 5614 M. Obenreizer ?
3564 5568 4183 5718 — Moi ! s'écria Vendale stupéfait.
3556 5714 4296 5746 — Taisez-vous, — dit-elle, — il faut que
3524 5754 4296 5786 je vous parle bien bas. Rappelez-vous le
3524 5794 4288 5826 petit portrait photographié que vous
3526 5834 4288 5868 m'aviez donné ? Cette après-midi, je ne sais
3522 5874 4286 5910 comment il le trouva sur la cheminée. Il
3522 5914 4286 5950 le prit, le regarda, et moi, je voyais son
3516 5954 4284 5986 visage dans ce miroir... Ah ! je suis sûre
3524 5994 4286 6030 que vous l'avez offensé. Il est vindicatif,
3520 6034 4284 6068 implacable, et aussi muet qu'une tombe.
3518 6074 4286 6108 Ne partez pas avec lui.... George.... ne
3522 6114 3720 6146 partez pas !
3542 6180 4286 6214 — Mon cher amour, — répondit Vendale,
3524 6218 4278 6254 — vous vous laissez égarer par votre ima¬
3526 6262 4280 6294 gination. Jamais Obenreizer et moi n'avons
3514 6300 4110 6334 été meilieurs amis qu'à présent.
3548 6362 4284 6398 Avant que Marguerite n'eût pu répondre,
3516 6402 4276 6438 un pas sonore et le poids d'un corps ma¬
3522 6442 4282 6478 jestueux firent trembler le parquet de la
3506 6482 4062 6518 voisine, et Mme Dor apparut.
3546 6466 4012 6618 — Obenreizer, — dit-elle.
3522 6606 4268 6642 Puis elle se laissa tomber lourdement
3510 6646 4280 6682 sur une chaise, à sa place ordinaire, devant
3507 6688 3660 6719 le poêle.
3514 6754 4270 6790 Obenreizer entra avec un sac de cour¬
3508 6794 4110 6830 rier qu'il portait en bandoulière.
3534 6858 4266 6894 — Etes-vous prêt? demanda-t-il à Ven¬
3514 6898 4266 6938 dale. — Puis-je porter quelque chose pour
3516 6938 4266 6978 vous? Eh quoi ! n'avez-vous point un sac
4366 5070 5134 5106 de voyage ? Je viens d'en acheter un. Re¬
4366 5112 5138 5146 gardez. Ici est la poche aux papiers. Elle
4364 5152 4720 5182 est à votre service.
4400 5202 5148 5238 — Je vous remercie, — dit Vendale, —
4362 5242 5160 5278 je n'ai qu'un seul papier important, je suis
4374 5282 5150 5318 forcé de ne pas m'en dessaisir et il est là,
4364 5322 5136 5356 il doit rester là, jusqu'à ce que nous arri¬
4360 5362 4736 5396 vions à Neufchâtel.
4394 5416 5138 5450 Vendale, en même temps, touchait la
4350 5454 5130 5490 poche de son habit. Il sentit la main de
4366 5494 5130 5530 Marguerite qui pressait la sienne. La jeune
4350 5535 5134 5570 fille examinait Obenreizer jusqu'au fond de
4360 5576 5122 5610 l'âme. Mais déjà celui-ci s'était retourné
4350 5618 5130 5650 vers madame Dor, et prenait congé de la
4348 5660 4592 5691 bonne dame.
4402 5710 5132 5742 — Adieu, ma chère Marguerite, —
4352 5750 5114 5786 s'écria-t-il, en revenant vers sa pupille pâle
4358 5790 5114 5822 et épouvantée. — Allons, Vendale, étes¬
4352 5830 5116 5864 vous prêt, enfin? En route ! En route ! mon
4346 5870 4766 5905 ami, pour Neufchâtel !
4376 5922 5110 5958 Il frappa légèrement Vendale à la poi¬
4348 5964 5112 5996 trine, à la place où était la poche qui con¬
4348 6004 4952 6038 tenait le reçu et sortit le premier.
4370 6056 5102 6090 Le dernier regard de Vendale fut pour
4352 6094 4556 6126 Marguerite.
4352 6150 5116 6184 Les derniers mots de la jeune fille furent
4356 6190 4512 6222 ceux-ci :
4392 6161 4719 6312 — Ne partez pas !
4776 6284 5068 6434 HARLES DICKENS.
4345 6375 4691 6526 (La suite à demain.)
4352 6694 5108 6727 Pour s'abonner : Envoyer un bon sur la
4344 6740 5096 6779 poste ou un mandat à vue sur Paris à l'or¬
4344 6788 4976 6827 dre de M. Mignot, Administrateur.
