5363 7355
2183 50 3101 202 LE GAULOIS — MERCREDI 15 JUILLET 1868
202 236 958 270 hussards, fils du régent de la Banque de
204 280 960 314 France, épouse Mlle Marie-Maximilienne-Na¬
188 326 896 358 nine Hatte, fille de M. Hatte de Chevrilly.
200 368 956 402 M. Charles-Just-Félix Raoul de Jannet-Mé¬
194 411 961 446 nard, vicomte de Vauréal, propriétaire, fils du
190 457 942 492 comte et d'une Duval de Bonneval, épouse :
189 501 950 535 Mlle Marie-Joséphine-Marguerite de Gaujal
183 545 944 582 fille du baron, conseiller à la cour de cassation,
185 591 480 624 et d'une Lafont.
208 637 960 670 M. Emile Videcoq, ingénieur des mines,
198 681 782 714 épouse Mlle Marie Lefébure-Wély.
196 728 956 758 M. Béringer, comte de Milhaut-Carlat, com¬
192 770 948 802 mis principal à la poste aux lettres, fils du
192 814 960 844 comte de ce nom et d'une Jongla-Paraza,
194 854 958 890 épouse Mlle Félicie de Tarlé, fille du sous-in¬
181 902 680 938 tendant militaire de ce nom.
192 946 956 982 Enfin, M. Philippe Laffitte, inspecteur gé¬
200 990 942 1026 néral des dons et secours privés de S. M. l'Em¬
196 1034 754 1070 pereur, épouse Mlle Claire Carrel.
196 1156 944 1194 On nous écrit que feu M. de Beauvais, le
190 1198 946 1240 curé de Saint-Thomas-d'Aquin, dont nous
182 1242 942 1284 parlions hier, et dont la cure rapportait 40,000
174 1286 942 1326 livres de rente, après en avoir donné 80,000
198 1330 942 1372 jusqu'au jour où celle de Sainte-Clotilde en
182 1374 958 1414 fut détachée, donnait tout aux pauvres, si
170 1416 952 1460 bien qu'à sa mort, le médecin et le domesti¬
174 1462 942 1504 que payés, il resta un peu moins de 20 francs
174 1514 622 1550 à l'actif de la succession.
208 1640 952 1678 Nous entendons raconter que, quelques
196 1682 950 1722 jours avant sa mort, dont il avait le pressen¬
184 1725 950 1766 timent, bien qu'on ne le considérât pas
180 1769 942 1810 comme malade, M. Viennet voulut faire une
196 1822 512 1854 course en voiture.
206 1858 942 1898 Au retour, l'auteur des Promenades du Pè¬
196 1904 952 1942 re-Lachaise, disait : « J'ai voulu aller faire la
198 1947 940 1988 répétition générale de mon enterrement. »
196 2070 950 2106 Alexandre Dumas fils vient d'écrire à Victor
190 2114 688 2150 Hugo, à l'adresse suivante :
312 2110 664 2262 Monsieur Victor Hugo,
696 2160 780 2310 Océan.
202 2301 956 2338 C'est le pendant de la fameuse lettre : M.
182 2345 952 2382 Alexandre Dumas, en Europe, qui fit du
177 2393 456 2428 bruit naguère.
200 2513 958 2558 La plage de Trouville est en ce moment
196 2562 948 2602 tout ce qu'il y a de plus orthodoxe en fait de
196 2606 954 2646 cocodétisme. Au Havre, au contraire, règne
184 2647 944 2690 le haut cocotisme, sans mélange. A exhi¬
200 2697 668 2734 bition exhibition et demie !
192 2801 950 2846 L'autre soir, dans un salon où l'on causait
200 2845 954 2890 après dîner, les matérialistes dominaient et
196 2889 950 2934 donnaient libre carrière à leur opinion triom¬
188 2947 340 2978 phante.
212 2979 952 3022 — Pourquoi ne parlez-vous pas ? dit-on à
194 3029 652 3066 la maîtresse de la maison :
200 3069 954 3110 — J’écoute, dit-elle, et j'admire le mal que
188 3112 960 3154 se donnent les gens d'esprit pour prouver
186 3162 688 3198 qu'ils ne sont que des bêtes.
204 3280 944 3322 MM. Auguste Vacquerie et Paul de Saint-
192 3326 960 3366 Victor se diposent à partir ensemble pour les
186 3374 498 3410 eaux de Wildbad.
194 3496 962 3540 Avant-hier, au train express de cinq
174 3538 958 3584 heures, pour Saint-Germain, huit voyageurs,
174 3582 958 3628 dans le même compartiment, huit Gaulois
180 3626 942 3674 qui se déploient. On rit de cette unanimité
180 3670 954 3718 gauloise qui n'attristera point mes direc¬
180 3730 304 3762 teurs.
206 3828 950 3875 Nous recevons par la poste la question sui¬
182 3888 308 3923 vante :
196 3917 958 3966 Sur le boulevard Bonne-Nouvelle, deux
180 3963 952 4010 frères qui fabriquent des pianos et qui s'ai-
174 4009 958 4052 ment beaucoup, ce qui ne s'exclut pas, ont,
184 4053 946 4098 depuis plusieurs années, une enseigne ainsi
177 4108 336 4140 conçue :
456 4066 686 4222 Au cher frères.
208 4186 948 4230 Puisqu'étant deux, ils ont mis frères au plu¬
192 4222 942 4266 riel, pourquoi n'avoir pas mis un s à cher et
180 4266 400 4302 un x à au?
190 4308 956 4352 C'est qu'ils ne fait qu'un grâce à la ten¬
196 4354 946 4398 dresse qui les unit. Ils ont, comme on dit,
196 4395 952 4442 partagé le différent : l's de frères est une con¬
180 4441 954 4486 cession faite à la grammaire. L'absence d's à
196 4485 942 4530 cher et d'x à au est la constatation publique
184 4533 720 4574 de leur union, par le singulier.
194 4661 958 4706 C'est demain jeudi que Mlle Azévédo
178 4707 944 4755 épouse M. Romeuf, auditeur au Conseil d'E¬
176 4753 954 4796 tat, fils du député questeur. La cérémonie a
182 4795 812 4842 lieu à la chapelle du Corps législatif.
208 4912 954 4963 Simple question à M. Arnault, de l'Hippo¬
184 4974 312 5007 drome :
192 4988 956 5056 Pourquoi, puisqu'avec sa magnificence or-
176 5045 938 5098 dinaire, il adoptait Louise la Blanchisseuse
184 5091 944 5142 pour sa ballerina assoluta, lui fait-il porter
176 5135 940 5186 des jupons si médiocres et un affreux panta¬
180 5179 956 5230 lon en calicot, payé trop cher à neuf sous le
190 5237 318 5274 mètre ?
200 5334 946 5382 Une récente circulaire émanée de Postdam,
176 5378 938 5428 défend aux habitants du canton de danser
180 5427 644 5474 plus de quatre fois par an.
200 5468 950 5514 On voit que le roi Guillaume a encore du
172 5514 940 5562 temps de reste. Il ne prend pas pour lui le
171 5554 946 5604 proverbe latin : De minimis non curat praetor.
188 5689 956 5738 Menotti Garibaldi est attendu en Angleterre
180 5739 512 5782 après son mariage.
200 5854 942 5902 Hier soir, à sept heures, quelques secondes
178 5896 944 5948 avant l'orage, une victoria attelée de deux
173 5939 956 5992 fringants chevaux traversait la place de la
176 5985 940 6038 Concorde. Sur les coussins, était assis, regar¬
186 6029 944 6080 dant non sans inquiétude, le ciel orageux,
194 6074 948 6124 S. Exc. M. Vuitry, ministre, présidant le con¬
176 6116 944 6170 seil d'Etat, qui s'en allait bourgeoisement di¬
184 6161 854 6214 ner chez Ledoyen aux Champs-Elysées.
188 6203 956 6258 Comme il venait de descendre devant le
192 6251 660 6302 restaurant, l'orage a éclaté.
184 6291 944 6346 Sommes-nous assez au cœur de la vie pri¬
184 6343 608 6390 vée, à M. de Guilloutet !
206 6465 950 6520 Le gouvernement prussien vient de faire
176 6509 946 6566 construire à Hanovre de vastes bâtiments
184 6551 952 6610 dans lesquels il a fait emmagasiner les meu¬
176 6599 948 6654 bles des châteaux et palais ayant appartenu
176 6655 500 6698 à l'ex-roi Georges.
186 6757 954 6816 M. le vicomte Arthus Talon, le célèbre sport¬
184 6805 942 6862 man qui vient de mourir à Lyon avait quitté
188 6849 954 6906 Paris samedi soir ; il partait pour le midi afin
184 6893 952 6950 de rétablir sa santé profondément altérée par
176 6937 942 6998 un cancer à l'estomac, maladie terrible qui
1007 240 1776 271 ne sait point pardonner. Mais M. Talon avait
1016 281 1784 312 trop présumé de ses forces, il fut obligé de
1016 326 1772 358 s'arrêter à Lyon, madame la vicomtesse Talon,
1034 369 1772 400 qui accompagnait son mari, fit appeler le
1028 413 1776 446 préfet du Rhône qui accourut aussitôt ; mais
1020 459 1780 490 peu d'instants après son arrivée, le malade
1014 502 1788 534 fut pris d'un violente crise et les soins des
1012 545 1782 578 médecins furent inutiles ; à midi et demi, il
1010 590 1450 626 rendit le dernier soupir.
1044 634 1772 668 Voilà, dans une même famille, deux morts
1011 678 1776 710 bien inattendues : l'autre jour, le prince de
1024 721 1776 754 Beauvau-Craon, hier le vicomte Talon, deux
1022 765 1344 802 cousins germains.
1028 875 1776 910 Un des reproches que l'on a fait à la Bo¬
1012 917 1790 954 hême d'Argent, pièce de MM. Narrey et de
1012 962 1786 998 Langeac, qui se joue en ce moment au théâ¬
1012 1010 1776 1042 tre Cluny, c'est son titre, qui ne présente à
1016 1052 1788 1086 l'esprit aucune idée bien nette. Il fut ques¬
1024 1098 1784 1129 tion, un moment, d'afficher la même pièce
1001 1141 1788 1174 sous le nom de Usure et luxure. Mais, Luxure,
1020 1185 1792 1218 sur une affiche, fit peur. C'est pourtant un
1012 1231 1356 1262 mot du catéchisme.
1024 1343 1792 1378 On cite un joli mot dit avec une fine ironie
1024 1385 1778 1422 par S. A. I. la princesse Mathilde. Un flatteur
1012 1432 1788 1466 lui présentait une généalogie faite à plaisir
1026 1478 1774 1512 pour rattacher les Bonaparte à Charlemagne...
1028 1520 1780 1554 — Peuh! Charlemagne... c'est du bien petit
1032 1566 1496 1598 monde pour les Bonaparte !
1352 1558 1680 1708 Octave de PARISIS.
1168 1778 1632 1930 CE QUI S'EST PASSÉ
1298 1846 1504 2002 Juillet 1831.
1049 1904 1749 2060 LES PORTRAITS DU ROI LOUIS-PHILIPPE.
1044 2034 1770 2068 Pour consacrer artistement le premier anniver¬
1020 2066 1784 2098 saire de l'acceptation de la Charte par Louis-Phi¬
1020 2100 1784 2130 lippe, premier roi des Français, on prépare pour
1019 2126 1786 2162 ce jour prochain du 9 août des discours, des ta¬
1016 2158 1788 2192 bleaux et des portraits. Le roi pose devant le
1022 2190 1380 2222 peintre Champmartin.
1024 2219 1783 2254 C'est sur ce modèle pour lequel Louis-Philippe
1022 2250 1770 2286 donne séance, que le gouvernement enverra l'i¬
1028 2282 1782 2318 mage du roi-citoyen dans chaque chef-lieu de la
1018 2314 1150 2348 France.
1024 2346 1784 2377 Connaissez-vous le peintre Champmartin !
1020 2374 1778 2410 Quoique beaucoup plus jeune que Ingres, quoi¬
1016 2406 1789 2442 que beaucoup moins charmant que le flatteur
1013 2440 1784 2472 Dubufe, Champmartin était quasi leur rival dans
1014 2471 1780 2502 un certain monde dilettante. Le récent Salon de
1011 2497 1784 2534 1831 l'avait mis à la mode. Pendant que Scheffer
1018 2530 1774 2562 exposait les portraits de Dupont de l'Eure et du
1016 2560 1788 2594 prince de Talleyrand, le jeune Champmartin ex¬
1013 2592 1780 2626 posait le duc de Fitzjames et le général Lamar¬
1022 2622 1778 2656 que, — ce Lamarque qui, pour me servir du ter¬
1024 2654 1778 2685 me pittoresque de Mme de Motteville, était infesté
1020 2686 1444 2718 de l'amour du bien public.
1022 2716 1788 2750 Lamarque était en costume d'officier général ;
1011 2746 1784 2782 le duc de Fitzjames, cet ancien ami de Charles X,
1028 2779 1776 2810 en chevalier des ordres du roi. Mais il ne s'agit
1020 2810 1772 2841 pas ici de cette figure et de ce personnage ; il
1020 2842 1788 2874 s'agit du roi lui-même. Or, à ce Salon de 1831, il
1015 2870 1778 2904 y eut vingt-quatre Louis-Philippe : douze notes
1020 2904 1540 2934 de portraits et douze sculptures.
1040 2934 1776 2966 Une sculpture par Dumont, représentait Louis¬
1020 2964 1788 2998 Philippe en meilleure des républiques, entre le
1032 2994 1774 3030 général Lafayette et le maréchal Gérard, ce géné¬
1030 3026 1770 3058 ral Gérard, hier encore, et dont le nom avait
1020 3056 1472 3090 servi dans les trois journées.
1024 3084 1792 3122 Ary Scheffer avait peint un Louis-Philippe à
1016 3124 1136 3154 cheval.
1020 3148 1776 3182 Decaisne, renommé pour ses portraits de fem¬
1028 3178 1770 3214 mes, donnait un duc d'Orléans en costume d'ar¬
1016 3210 1492 3244 tillerie de la garde nationale.
1040 3242 1794 3274 Léon Cogniet, le portrait du maréchal Maison,
1024 3272 1772 3306 ministre des affaires étrangères, qui ne conserva
1020 3302 1772 3338 pas longtemps son portefeuille, parce qu'on re¬
1036 3334 1770 3370 loutait ses fantaisies belliqueuses. On le remplaça
1018 3366 1734 3398 par le comte Sébastiani de pacifique humeur.
1024 3394 1788 3430 Le Salon de 1831 fut si célèbre, que Bayard et
1019 3426 1784 3462 Brazie, le mirent en vaudeville au Palais-Royal,
1024 3460 1772 3490 ce nouveau théâtre du Palais-Royal de Dormeuil
1012 3486 1774 3522 et Poirson, cet ex-Montansier où jouaient mainte¬
1016 3518 1772 3554 nant Samson, Sainville, Régnier, Lepeintre aîné,
1014 3550 1784 3586 Virginie Déjazet, et qui faisait les délices du duc
1014 3582 1182 3616 d'Orléans.
1346 3546 1692 3702 ROGER D'ESTRANGE.
1131 3754 1668 3906 NOUVELLES POLITIQUES
1018 3924 1782 3960 Un député bien insupportable, c'est M. Pamard,
1018 3954 1786 3992 qui représente la bonne ville d'Avignon. Arca¬
1030 3986 1774 4022 dien, janissaire de la majorité, toujours prêt à
1012 4016 1786 4055 demander la clôture, toujours armé d'un couteau
1012 4046 1778 4088 à papier dont le bruit agace ses voisins, il inter¬
1012 4078 1770 4116 rompt sans cesse, non par des mots drôles comme
1008 4110 1782 4148 M. Belmontet, non par des phrases spirituelles
1012 4138 1774 4178 comme M. Glais-Bizoin, mais par des exclama¬
1009 4174 1220 4210 tions.
1020 4202 1774 4242 Hier, M. Jules Simon, qui venait de parler une
1026 4234 1708 4270 heure, se lève pour réparer un oubli, et dit :
1064 4186 1668 4342 — Je viens remplir un devoir d'honneur.
1028 4298 1780 4334 Une exclamation inconvenante se fait entendre,
1014 4326 1784 4362 et M. le président Schneider de dire avec cour¬
1006 4358 1538 4394 toisie à M. Jules Simon indigné ?
1026 4390 1772 4426 — Vous n'avez rien entendu, monsieur Simon.
1016 4428 1320 4458 Veuillez continuer.
1044 4450 1770 4490 Tous les regards se sont dirigés vers le banc de
1006 4486 1204 4520 M. Pamard.
1028 4514 1772 4550 Ce député ferait moins parler de lui, s'il savait
1024 4544 1770 4582 que la prochaine législature ne le reverra pas au
1010 4574 1788 4610 Palais-Bourbon. La candidature officielle lui est
1018 4606 1776 4642 retirée, a lui aussi bien qu'à quelques autres qui,
1006 4638 1784 4674 au métier d'approbateurs sytématiques, n'ont pas
1008 4668 1772 4706 même gagné les bonnes grâces du gouverne¬
1008 4698 1772 4738 ment. Or, si l'on se rappelle qu'aux dernières
1020 4730 1780 4766 élections, M. Pamard n'eut pas cent voix de ma¬
1008 4762 1780 4798 jorité; que jadis maire d'Avignon, ses administrés
1015 4794 1772 4831 ne l'ont pas réintégré dans le conseil municipal;
1010 4822 1784 4860 qu'il aura pour concurrent MM. Paulin Talabot et
1008 4854 1784 4890 Léopold de Gaillard, on peut être assuré que le
1020 4886 1772 4922 correspondant de l'Académie de médecine dont
1008 4914 1770 4954 le diplôme ne fui jamais retrouvé, ne représen¬
1006 4946 1772 4982 tera plus son département. Aussi chante-t-on
1018 4984 1086 5018 déjà.
1108 4950 1620 5106 Allons-nous te perdre, ô Pamard.
1108 5062 1488 5098 Et sur le luth élégiaque
1108 5094 1536 5130 Faut-il célébrer ton départ ?
1112 5042 1638 5202 Allons-nous te perdre, ô Pamard ?
1120 5074 1610 5230 Ton habit brode d'or, ton claque
1110 5186 1602 5222 Devras-tu les mettre au placard
1107 5218 1484 5250 Et sur le luth élégiaque
1108 5248 1552 5286 Faut-il célébrer ton départ ?
1018 5358 1776 5392 M. Jules Simon est au plus mal avec M. Ernest
1002 5390 1784 5425 Picard. Quand M. Ernest Picard parle, M. Jules
1016 5420 1768 5454 Simon ne l'applaudit jamais. Quand M. Jules Si¬
1008 5452 1780 5486 mon est à la tribune, M. Ernest Ficard sourit
1008 5488 1244 5518 agréablement.
1012 5514 1772 5550 La double fondation de l'Electeur et de la Tri-
1009 5544 1778 5578 bune est la cause des divisions que l'on remarque
1010 5574 1536 5610 en ce moment dans la minorité.
1032 5682 1778 5718 Lundi soir, à six heures, le prince Humbert et
1010 5714 1780 5746 la princesse Marguerite sont arrivés à Trente, où
1016 5742 1770 5778 ls ont été reçus pars une manifestation aussi
1018 5774 1410 5810 bruyante que spontanée.
1032 5806 1778 5842 Le prince a refusé de s'associer à cette mani¬
1012 5838 1772 5868 festation toute politique; les stores du wagon
1010 5866 1782 5903 sont restés baisses et ni lui ni sa femme ne se
1008 5900 1228 5934 sont montrés.
1024 5930 1772 5966 A Munich, le prince Adalbert, neveu du roi de
1020 5962 1776 5994 Prusse, est chargé de recevoir le prince et la prin¬
1028 5992 1784 6026 cesse qui, pendant l'incognito, s'appelleront mar¬
1018 6022 1460 6058 quis et marquise de Monza.
1018 6134 1768 6169 On prête aux Etats du Sud l'intention d'admet¬
1020 6166 1772 6202 tre dans leur fédération une partie de l'Autriche.
1008 6198 1782 6230 On ne sait comment M. de Beust accepterait une
1010 6228 1772 6262 proposition dans ce sens, car le traité de Prague
1020 6258 1776 6294 s'y oppose. Il est à présumer que son acquiesce¬
1022 6290 1770 6324 ment serait regardé, par la Prusse, comme un
1009 6322 1188 6354 casus belli.
1030 6402 1778 6436 L'Allemagne du Sud vient d'être invitée a pren¬
1022 6432 1772 6466 dre part aux discussions relatives à la conven¬
1022 6462 1768 6498 tion postale qui est sur le point de se conclure
1012 6494 1692 6530 entre les cabinets de Florence et de Berlin.
1038 6594 1770 6628 Le général Medici a annoncé aux syndicats des
1006 6622 1768 6660 principales villes de la Sicile que de grands tra¬
1012 6654 1776 6690 vaux allaient être entrepris dans les cités pour
1020 6686 1778 6722 donner du travail aux ouvriers et que les lignes
1020 6718 1768 6754 ferrées de l'ile, mises en adjudication, seraient
1018 6748 1772 6784 continuées sans interruption jusqu'à complet
1008 6778 1774 6818 achèvement. Ces déclarations ont produit le meil¬
1008 6814 1172 6850 leur effet.
1028 6906 1772 6942 Une canonnière prussienne vient d'être envoyée
1012 6938 1778 6974 dans la mer du Nord pour protéger les pêcheurs
1852 234 2608 266 prussiens contre les « brutalités » des Anglais
1840 262 2606 298 dans ces parages. Il paraît que les Anglais n'ont
1848 294 2608 326 pas davantage à se louer de « la douane » des
1844 324 2604 358 Prussiens dans la Baltique, car le gouvernement
1838 354 2606 390 anglais vient, à son-tour, d'envoyer un batiment
1840 386 2252 420 de guerre dans cette mer,
1858 486 2602 518 Les journaux de l'Allemagne du Sud expriment
1839 517 2612 548 l'espoir qu'une prochaine guerre les délivrera des
1852 546 2594 582 traités militaires et commerciaux que la Prusse.
1852 578 2608 612 dans sa fièvre d'unité, impose de force aux Etats
1840 612 2608 642 du Sud, en prévision d'un avenir qui mettrait
1840 642 2596 672 ceux-ci complètement dans les mains du roi
1838 674 2376 706 Guillaume ou de ses successeurs.
1856 702 2616 738 A quand cette guerre? Telle est la question que
1839 734 2356 766 chacun se pose depuis Sadowa ?
1852 822 2602 858 La Russie vient de faire à la fabrique de M.
1852 850 2598 886 Krupp une commande de canons se montant à
1839 886 2248 918 seize millions de francs.
1854 962 2612 998 Les négociations viennent d'être reprises entre
1858 994 2600 1028 la Prusse et la Suisse au sujet du traité de com¬
1856 1026 2612 1058 merce à intervenir entre ces deux gouvernements.
1850 1054 2598 1090 Le projet de ce traité doit être soumis au parle¬
1838 1086 2608 1122 ment douanier à la réouverture de ses séances au
1838 1118 2124 1154 mois d'avril 1869.
1860 1200 2600 1230 La Confédération du Nord verra se solder, par
1860 1226 2598 1262 un déficit de 3 millions d'écus, son premier bud¬
1844 1264 1904 1294 get.
1877 1248 2080 1398 Un joli détail.
1866 1356 2598 1390 L'autre jour à la tribune du Corps législatif,
1852 1388 2616 1418 M. le marquis de Grammont fait une attaque à fond
1860 1420 2612 1450 de train, contre son préfet, M. Dubois de Vanci¬
1846 1446 2604 1482 gny. Il lit des fragments de lettres et les com¬
1856 1478 2606 1510 mente. Par suite d'une erreur, le Moniteur a in-
1846 1512 2600 1542 sèré une de ces lettres en entier, ce qui permet
1844 1542 2604 1575 de voir dans une circulaire préfectorale, des mots
1839 1570 2612 1604 attribués par le préfet à l'un de ses subordonnés.
1842 1604 2604 1634 — Dites à votre conseil municipal d'aller se faire
1852 1636 2613 1667 f..... Jamais le grave Moniteur n'avait inséré de
1852 1668 2040 1698 tels propos.
1913 1644 2408 1794 Le secrétaire de la rédaction,
2317 1688 2539 1839 LÉON ESTOR.
1996 1903 2460 2058 COUPS DE CISEAUX
1852 2045 2598 2082 Je prends un détail assez piquant et peut-
1842 2089 2610 2126 être ignoré dans les mémoires que le peintre
1837 2139 2328 2170 Gudin publie dans le Sport :
1848 2180 2608 2214 Partageant ma vie entre le travail et les plai-
1838 2212 2616 2246 sirs du Sonde, je recevais dans cet atelier la vi¬
1836 2244 2608 2278 site des personnages les plus distingués ; Mme la
1838 2274 2610 2310 duchesse de Cambridge, qui m'honorait de sa
1838 2308 2616 2338 bienveillance, était venue plusieurs fois aussi ;
1835 2338 2612 2370 cet atelier improvisé était donc devenu un rendez¬
1840 2366 2586 2402 vous à la mode, où l'on aimait à se rencontrer.
1848 2398 2604 2434 Un jour, il me prit l'envie d'offrir une distrac¬
1836 2432 2612 2462 tion aux princes. J'invitai à déjeuner Mgr le
1844 2462 2600 2494 prince de Joinville et son frère, le duc d'Aumale,
1836 2490 2620 2526 et le vieux marquis de Salvo, ami de la reine. Il
1844 2522 2614 2554 m'était venu en tête une idée assez originale, je
1836 2554 2596 2585 l'avons, mais qui n'était dictée que par un bon
1846 2584 2612 2618 sentiment : je voulais inviter aussi S. A. I. le
1840 2614 2600 2650 prince Louis-Napoléon ; il me semblait que ces
1844 2646 2598 2676 jeunes gens, tous exilés, auraient quelque plaisir
1844 2678 2612 2710 à se rencontrer et à se donner la main... Je ne
1838 2706 2620 2742 l'eusse pas fait sans les consulter, bien entendu,
1836 2740 2604 2770 et malheureusement, avant de leur en parler, je
1840 2772 2612 2802 fus détourné de mon projet de la manière la plus
1852 2804 2368 2834 absolue par le marquis de Salvo.
1854 2830 2618 2862 Le déjeuner des princes d'Orléans fut très gai ;
1848 2864 2614 2898 les princes restèrent très longtemps : on avait
1852 2896 2596 2926 fumé, pris le café ; on avait parlé des événements
1850 2924 2602 2958 avec philosophie et résignation. L'heure avan¬
1852 2956 2600 2986 çait, et les princes étaient à peine partis, qu'on
1844 2988 2604 3018 annonça S. A. I. le prince Louis-Napoléon. Le
1856 3018 2604 3050 prince, dont la visite était toujours pour moi un
1840 3046 2604 3082 bonheur, vit les restes d'un déjeuner et me dit :
1876 2998 2320 3150 — Vous avez eu du monde ?
1864 3108 2600 3142 — Oui, monseigneur, dis-je. Le prince de Join¬
1860 3144 2424 3174 ville et le duc d'Aumale sortent d'ici.
1870 3170 2602 3204 Le lendemain, j'étais à Claremont, et je dis aux
1868 3202 1988 3234 rinces :
1870 3230 2592 3266 — Devinez qui est arrivé un instant après que
1840 3264 2612 3298 Vos Altesses furent parties ?... Le prince Napo¬
1846 3294 2142 3330 léon, ajoutais-je...
1844 3326 2604 3357 Le roi n'avait aucune espèce de ressentiment
1839 3356 2612 3390 contre le prince Napoléon. Il aimait assez la Fran¬
1838 3386 2596 3422 ce pour éprouver une certaine satisfaction à l'i¬
1840 3418 2612 3450 dée que le prince pouvait la sauver de l'anarchie;
1840 3452 2596 3482 il avait même conseillé à ses amis, — et j'en suis
1838 3479 2620 3514 témoin. — de voter pour que le prince arrivât à
1838 3509 2336 3542 la présidence de la République.
1864 3611 2612 3642 Les trésors des anecdotes théâtrales sont
1852 3653 2612 3686 inépuisables. M. Lafargue en donne une à
1852 3697 2064 3730 l'Evènement :
1848 3742 2612 3778 Dernièrement, un jeune ténor en représentation
1842 3774 2616 3806 débutait dans une ville de troisième ordre. On
1842 3802 2602 3838 jouait Lucie de Lammermoor. Notre tenor chan¬
1844 3834 2612 3870 tait le rôle d'Artur. Il entre en scène et chante les
1844 3866 2602 3898 premières mesures de son récitatif. Mais à peine
1848 3894 2000 3930 a-t-il dit :
1872 3848 2608 4002 « J'arrive le dernier au rendez-vous de chasse »
1880 3884 2537 4037 Qu'une voix venant du parterre, lui crie :
1884 3910 2284 4066 — Tu viens encore trop tôt.
1886 3942 2604 4096 Notre ténor ne se déconcerte pas : il salue et se
1852 3974 2088 4124 retire en disant :
1856 4082 2602 4118 — Pardon, messieurs, je repasserai dans un
1838 4114 2066 4146 quart d'heure.
1866 4213 2604 4248 Les journaux publient tous un long et ter¬
1842 4257 2610 4292 rible acte d'accusation de l'affaire Fleu-
1836 4302 2600 4338 tot ; pour changer de note, je veux en publier
1844 4346 2612 4382 un qui se trouve dans un livre rare, retour de
1850 4392 2594 4426 Belgique. Le marquis de Sade n'est plus que
1848 4434 2612 4470 le marquis de Fade, à côté de ce petit livre
1844 4478 2596 4514 vert. L'acte d'accusation suivant se trouve
1844 4522 2606 4558 dans une scène intitulée : le Dernier jour d'un
1838 4569 2606 4606 condamné, attribuée à un sévère comédien
1840 4615 2000 4646 français.
1844 4670 2596 4702 Le 23 décembre 1843, vers minuit, une patrouille
1832 4700 2606 4734 de la garde civique heurtait de son pied invin¬
1831 4730 2602 4764 cible le corps d'un vieillard encore chaud, d'en¬
1836 4762 2598 4798 viron 70 à 71 ans, non loin de ce lieu sinistre,
1846 4794 2602 4826 où les farouches sectaires de l'infâme Robespierre
1850 4822 2604 4858 firent tomber tant de têtes innocentes, sans comp¬
1850 4854 2610 4888 ter les royales, et au sud-est de l'hôtel des im¬
1848 4888 2596 4918 mortels invalides ! Une autre patrouille de soldats
1832 4918 2610 4950 défenseurs de la famille, de l'ordre public et de la
1837 4950 2600 4982 religion, arrêtait un homme en désordre qui sem¬
1844 4978 2600 5012 blait fuir, tant son pas était véloce. On le con¬
1836 5010 2600 5042 fronta avec le cadavre qui ne le reconnut pas ;
1840 5042 2604 5076 mais le bon sens des deux caporaux, dont l'un
1850 5070 2608 5106 était sergent, aidé d'ailleurs du témoignage des
1834 5102 2612 5138 témoins qui témoignèrent, mirent cet homme à la
1854 5134 2594 5170 disposition de la justice et le cadavre à la Morgue.
1834 5165 2612 5198 où il ne fut que trop reconnu par sa famille dé-
1834 5194 2612 5230 solée et indigente qui porte l'honorable nom, si
1846 5226 2588 5262 connu et si fortement apprécié, de Chasanguin.
1858 5333 2610 5370 Les amateurs de manuscrits finissent le
1850 5377 2602 5414 plus souvent, après une longue contempla-
1830 5422 2602 5462 tion de leur trésor autographe, par l'échanger
1838 5466 2608 5504 contre un trésor plus monnayé; où bien,
1844 5510 2598 5546 quand meurt l'amateur, les héritiers se hâ-
1850 5554 2606 5594 tent de se débarrasser de ces vieux papiers.
1834 5599 2610 5638 C'est ainsi que les manuscrits autographes ori¬
1842 5643 2602 5682 ginaux de plusieurs poèmes et romans célè¬
1831 5687 2598 5726 bres de Walter Scott viennent d'être vendus,
1834 5733 2615 5770 il n'y a pas encore huit jours, par ordre des
1834 5777 2612 5816 fidéicommissaires de feu M. Robert Cadell
1834 5821 2614 5862 d'Edimbourg, la vente a atteint la somme de
1842 5867 2200 5898 1,073 livres sterling.
1854 5906 2594 5951 D'autre part le Wurtemberg Staalsanzeiger
1852 5954 2164 5987 nous apprend que
1842 6012 2606 6054 La bibliothèque publique de Sttutgard vient
1836 6042 2598 6086 d'acquérir d'un particulier, un manuscrit du
1834 6074 2598 6114 « Wallenstein » de Schiller, préparé pour l'im¬
1840 6106 2604 6146 pression. Le texte même n'est pas écrit de la
1834 6138 2602 6178 main de Schiller, mais il est accompagné d'une
1842 6170 2602 6210 grande quantité de corrections et d'additions qui
1836 6198 2602 6242 sont de sa main. Cette circonstance donne un
1850 6230 2610 6270 grand prix au manuscrit, non-seulement sous le
1846 6262 2606 6302 rapport autographique, mais aussi parce qu'elles
1846 6294 2610 6330 nous fait assister au travail de révision de l'au¬
1844 6322 2598 6362 teur, et à la manière dont il donnait le dernier
1836 6354 2144 6388 fini à ses ouvrages.
1862 6457 2594 6494 Le Gaulois pousse la Presse Vosgienne à sta¬
1854 6501 2592 6538 istiquer. Sa statistique compense la flatterie
1846 6545 2594 6586 de son salut confraternel. Ménagez-nous,
1850 6589 2590 6628 cher confrère. Il y a chez nous des journa¬
1850 6633 2606 6674 listes candides qu'un compliment fait rougir.
1844 6686 2596 6728 Le premier numéro du Gaulois nous est arrivé
1836 6718 2124 6752 dimanche dernier.
1836 6750 2604 6792 C'est un beau journal, un grand journal. En
1840 6778 2606 6822 le voyant, il plaît ; en le déployant, il plaît ; en le
1844 6810 2602 6854 lisant, il plaît. C'est vraiment un grand journal,
1848 6842 2598 6882 un beau journal. Nous ne dirons rien de sa poli¬
1842 6872 2606 6914 tique, c'est le fruit défendu auquel un pygmée
1840 6906 2602 6946 de notre sorte n'a pas le droit de toucher. Passons...
1836 6936 2604 6974 et occupons-nous purement et simplement de ce
2680 236 3428 266 qui tombe dans le domaine de notre petite
2659 262 2758 298 feuille.
2696 294 3428 326 La première page est consacrée à la politique ;
2676 326 3436 356 dans la seconde et dans la troisième on lit tout
2680 360 3428 390 ce qui peut intéresser tout le monde ; il faudrait
2661 384 3422 420 lire tous les grands journaux de Paris pour ap-
2668 418 3440 450 prendre tout ce qui est renferme dans ces
2672 450 3440 482 deux grandes pages qui, développées, mesurent
2678 482 3434 514 une superficie de 2,800 pouces carres, mesure
2668 510 3436 542 gauloise, composées de 12 colonnes, de chacune
2668 544 3436 574 154 lignes, total 1,848 lignes. Remarquez bien que
2659 574 3434 606 ce chiffre ne représente que la moitié du journal,
2678 602 3426 638 c'est-à-dire les deux pages 2e et 3e mais si vous
2670 634 3438 668 voulez avoir une idée juste du journal, j'achè¬
2680 668 3436 698 verai mon calcul et je mettrai sous vos yeux 24
2670 698 3426 730 colonnes, 8,696 lignes, renfermant 147,840 lettres ;
2672 726 3434 762 beau papier, impression soignée. Ainsi un nu¬
2676 758 3436 790 méro du Gaulois représente un volume de 200
2678 790 3430 822 pages qui se vend en librairie 1 fr., 2 fr. et même
2668 822 2752 854 3 fr.
3024 856 3085 905 *
2694 922 3428 954 Notre collaborateur Edouard Fournier re¬
2672 962 3434 998 cherche dans la Patrie l'origine de cette mé¬
2688 1010 3428 1042 taphore, chère à M. de Guilloutet, — l'homme
2684 1055 3432 1086 aux biceps d'acier, qui consiste à regarder
2666 1093 3440 1130 la vie privée comme un jardin, où poussent
2688 1142 3432 1174 pêle mêle les ronces et les épines, et dans le¬
2684 1187 3432 1218 quel les journalistes ont, ou plutôt, avaient
2664 1231 3200 1262 l'habitude de jeter des pierres.
2700 1284 3420 1318 J'ai cru d'abord, comme bien des gens, que c'e¬
2680 1314 3426 1350 tait Royer-Collard. Un pareil mot, si favorable
2676 1346 3436 1376 à la discrétion, me semblait bien convenir au
2672 1378 3436 1410 chef discret du parti doctrinaire. Je trouvais d'ail¬
2680 1408 3440 1442 leurs assez curieux que devant être, comme il l'a
2668 1438 3440 1468 été, solidement remis à neuf par une législature,
2668 1470 3428 1500 il se fût échappé autrefois du discours d'un légis¬
2664 1500 3432 1534 lateur. Depuis quelque temps j'ai des doutes.
2672 1530 3434 1566 Ils me viennent d'une lettre de Stendhal, écrite à
2664 1560 3438 1596 l'époque ou le mot ne faisait que commencer à
2676 1592 3436 1626 courir et n'avait pas encore perdu, par le frotte¬
2657 1628 3428 1660 ment et l'usage, sa marque d'origine; Stendhal le
2688 1654 3422 1690 prête à un homme dont le nom ne rend pas cette
2678 1686 3432 1718 attribution invraisemblable, c'est M. de Talley¬
2664 1717 2772 1748 rand.
2680 1750 3436 1780 Si Royer-Collard, en créant l'expresion célèbre,
2676 1782 3424 1814 pouvait demander la discrétion pour la vie d'au¬
2672 1810 3430 1844 trui, sans avoir à craindre les regards pour la
2676 1842 3424 1874 sienne, M. de Talleyrand, au contraire, pouvait
2672 1876 3428 1906 l'avoir faite pour se mettre à l'abri : sa rigueur de
2680 1907 3432 1938 mutisme, armée en apparence pour l'intérêt des
2682 1934 3424 1968 autres, n'aurait été ainsi qu'une précaution pour
2668 1966 3428 1998 lui-même. Rien ne répugne donc à ce que le mot
2666 1998 3432 2030 soit de cet homme prudent. Stendhal le lui attri¬
2666 2030 3434 2062 bue, du reste, en pleine assurance, et comme s'il
2668 2058 3436 2090 croyait impossible de douter qu'il est bien de lui.
2666 2090 3428 2122 La lettre est du 31 octobre 1823, et en voici le cu¬
2680 2124 2912 2154 rieux passage :
2692 2156 3436 2186 « Diné à Troyes le 19, avec un marquis garni de
2676 2182 3422 2218 cinq croix, mais bonhomme au fond. Cet homme
2668 2216 3436 2246 de cinquante-cinq ans, fidèle à son siècle, durant
2684 2246 3432 2278 un petit dîner de trois quarts d'heure, avec deux
2670 2276 3432 2310 courriers, un Anglais et un inconnu (c'est moi),
2657 2304 3436 2338 trouva le secret de nous conter toute l'histoire de
2668 2340 3428 2370 sa vie ; je pourrais écrire dix pages. Dès l'âge de
2680 2370 3436 2402 treize ans, il servait dans l'Inde ; il est marquis, il
2676 2398 3422 2434 a un fils, il a une sœur, etc. Je n'ose continuer
2676 2432 3432 2462 de peur d'entreprendre sur la vie privée d'un
2672 2460 3420 2494 citoyen, qui, comme l'a si bien dit M. de Talley¬
2665 2490 3044 2526 rand, doit être murée. »
2688 2589 3420 2622 A propos d'un second volume de Souvenirs,
2676 2636 3436 2666 que vient de publier M. Escudier, je coupe
2667 2677 3424 2709 dans le feuilleton de M. Paul Foucher quel¬
2668 2721 3420 2756 ques anecdotes sur Vivier, auquel on a attri¬
2660 2765 3380 2800 bué tant de plaisanteries et de bons mots.
2696 2806 3422 2848 Vivier se présente à l'Opéra un jour de bé¬
2684 2856 2800 2892 néfice
2690 2908 3420 2944 — Monsieur, lui dit le contrôleur, aujourd'hui
2660 2944 3284 2974 les entrées de faveur sont suspendues.
2676 2970 3422 3006 — Cela regarde ceux qui ont leurs entrées, ré¬
2666 3002 3386 3034 pond Vivier, « moi je ne les ai pas, je passe. »
2666 3034 3430 3070 Dans d'autres souvenirs qui n'appartiennent pas
2670 3066 3418 3098 au livre, je retrouve Vivier voyageant avec deux
2684 3096 3436 3130 braves bourgeois qui allaient voir une exécu-
2680 3126 2764 3156 tion.
2692 3160 3424 3190 Ces deux braves gens manifestaient vivement
2664 3192 3428 3222 leur crainte d'arriver trop tard. Vivier, témoin de
2656 3222 3440 3252 leurs transes philanthropiques, leur dit d'un ton
2654 3250 3436 3286 mystérieux : Rassurez-vous, vous arriverez à
2660 3282 3432 3314 temps. On l'interroge sur la source de sa con¬
2660 3314 3440 3346 fiance. Il laisse échapper qu'il croit être sûr qu'on
2662 3346 3438 3378 ne commencera pas sans lui. On le presse de plus
2664 3374 3436 3408 en plus, et il convient enfin qu'il est le bourreau.
2660 3408 3428 3438 Grand effroi tempéré par la curiosité. On l'inter-
2656 3440 3440 3470 roge sur le criminel. Vivier dit qu'il est innocent,
2658 3468 3430 3502 mais que, comme la justice ne peut pas paraître
2652 3500 3432 3530 impuissante, à défaut du vrai coupable on a pris
2660 3532 3440 3562 celui-là. « Cela arrive quelquefois, mais calmez-
2654 3560 3436 3594 vous. » reprend Vivier en voyant la terreur du
2658 3590 3428 3624 couple ahuri. « la justice connaît ses devoirs, —
2664 3624 3300 3654 on ne prend jamais qu'un célibataire. »
2678 3682 3434 3718 M. Paul Foucher oublie un détail essentiel,
2666 3724 3440 3758 c'est qu'après qu'il leur eut fait l'aveu péni-
2665 3772 3424 3802 ble de sa profession, les bourgeois ne quittè¬
2668 3814 3424 3846 rent plus des yeux un paquet de forme ronde
2674 3858 3428 3892 que Vivier portait avec le plus grand soin sur
2674 3902 3438 3936 ses genoux, enveloppé dans un mouchoir
2670 3946 3422 3982 rouge. De temps en temps il soulevait très
2678 3990 3422 4026 légèrement un des coins du mouchoir, et avec
2661 4034 3440 4070 une grimace atroce regardait l'objet qu'il
2668 4078 3426 4114 renfermait. N'y pouvant plus tenir, les bour¬
2678 4122 3436 4158 geois intrigués lui demandèrent ce qu'il por¬
2669 4166 3432 4202 tait avec un si grand soin et regardait avec tant
2674 4210 3438 4246 d'effroi : « Mon Dieu, vous l'avouerai-je, je viens
2682 4256 3422 4290 de faire une exécution à Versailles, et je rem¬
2668 4304 3436 4334 porte la tête du supplicié. » Vous voyez celle
2672 4346 3430 4382 des bourgeois ! En descendant de wagon le
2672 4392 3440 4422 dernier, Vivier dit au mari : « Eh! mon¬
2661 4434 3434 4467 sieur, prenez-moi donc l'objet, que je des¬
2670 4478 3440 4510 cende ; s'il vous était agréable d'en goûter une
2668 4524 3344 4554 tranche !... » Le bourgeois recula effaré.
2694 4565 3437 4603 Vivier souleva le mouchoir et découvrit un
2676 4611 2940 4642 superbe melon.
3071 4584 3392 4736 ARMAND GOUZIEN.
2860 4872 3260 5022 RICANEMENTS
2698 5037 3434 5070 La ville de Montauban (Tarn-et-Garonne)
2676 5081 3432 5114 va ouvrir un concours à Lima (Amérique du
2680 5128 3428 5158 Sud), pour la statue d'Ingres, le concours de
2680 5168 3432 5202 Paris ayant abouti à un fiasco dont il est dif¬
2672 5213 3432 5246 ficile de se faire une idée quand on n'a pas
2676 5256 3420 5290 vu l'exposition de la semaine dernière au pa¬
2680 5303 3016 5334 lais des Beaux-Arts.
2692 5407 3420 5442 Dans cette galerie de grotesques, le jury a
2692 5449 3434 5486 cru devoir distinguer deux Ingres qui, sans
2674 5497 3420 5530 être dignes de figurer sur la place publique
2672 5543 3436 5574 de Montauban, avaient droit, parait-il, à une
2680 5584 3040 5618 récompense honnête.
2696 5629 3428 5660 Le premier, si je me le rappelle bien, est
2664 5675 3436 5706 debout, proprement vêtu d'une redingote à la
2678 5718 3422 5750 propriétaire et d'un pantalon à sous-pieds. On
2672 5761 3424 5792 voit que le brosseur vient de sortir. Le second
2672 5805 3434 5842 est assis sur une chaise — curule, drapé
2661 5850 3422 5886 dans un peignoir et le front ceint d'une cou¬
2680 5896 3436 5930 ronne de papillotes qui n'attendent que le fer
2676 5938 3168 5974 du perruquier. Le fer chauffe.
2682 6062 3430 6094 On en est réduit à aller chercher au Pérou
2658 6104 3424 6138 les produits que la sculpture française se re¬
2668 6152 3432 6182 fuse absolument à livrer, vu le marasme où
2678 6194 3296 6226 elle s'est plongée la tête la première.
2692 6308 3432 6344 Il n'y a en cela, d'ailleurs, qu'un échange
2662 6351 3422 6386 de bons procédés. L'an dernier, ce fut le
2672 6395 3416 6430 Pérou qui demanda à la France un monu¬
2660 6439 3416 6478 ment national. On se rappelle même l'horri¬
2664 6485 3430 6522 ble dénouement de cette affaire et le vilain
2666 6529 3428 6566 tour que le jury français ne craignit pas de
2654 6573 3418 6612 jouer aux Péruviens en leur envoyant, sous
2672 6618 3426 6654 prétexte de monument national, un assez
2658 6662 3430 6700 joli candelabre à gaz, orné de proues comme
2664 6705 3228 6746 ceux de la place de la Concorde.
2682 6810 3418 6848 L'affaire de la statue d'Ingres prouve une
2657 6852 3424 6890 fois de plus l'excellence des concours artisti¬
2658 6898 3248 6934 ques et de l'organisation actuelle.
2696 6862 3424 7018 Ici, le seul moyen d'éviter le ridicule, c'é¬
3488 237 4260 270 tait tout d'abord de ne point suivre le pro¬
3488 283 3780 314 gramme donné.
3520 326 4244 360 L'un des concurrents, qui avait compris
3492 366 4258 402 cela, est aussi le seul qui ait fait œuvre d'art.
3490 411 4242 446 Naturellement, le jury s'est empressé, avec
3500 457 4252 490 l'unanimité que les jurys tiennent en réserve
3496 503 4248 534 pour de telles circonstances, de lui montrer
3488 546 3644 578 la porte.
3510 590 4256 626 La ville de Montauban aurait eu là, sans
3494 634 4256 670 doute, un monument respectable et qui n'eût
3486 678 4250 714 pas eu l'air d'avoir été commandé dans le but
3494 722 4252 758 unique de faire la joie des touristes. Mais il
3488 766 3926 802 s'écartait du programme.
3516 886 4252 920 Grâce à l'expérience des dernières années,
3502 930 3994 966 on peut formuler cet axiome ;
3498 973 4252 1010 Rien n'est comparable à la faiblesse des gens
3512 1022 4252 1054 qui prennent part aux concours de sculp-
3510 1064 4246 1098 ture : c'est l'inintelligence de ceux qui les
3494 1111 3692 1142 organisent.
3508 1198 4260 1234 Toutefois, quand le ministre demandera un
3490 1241 4260 1274 rapport sur l'état de la sculpture en France,
3489 1288 4252 1319 il est certain que le fonctionnaire chargé de
3494 1330 4262 1362 ce petit travail répondra, avec cette impertur¬
3489 1374 4252 1410 bable effronterie qui distingue les bipèdes
3492 1418 4248 1454 rapporteurs de tous les autres animaux de
3498 1462 3700 1498 la création :
3516 1506 4248 1542 « J'ai l'honneur d'annoncer à Votre Excel¬
3502 1554 4260 1586 lence que jamais l'état de la sculpture n'a été
3512 1594 4062 1630 aussi florissant qu'aujourd'hui. »
3884 1586 4196 1737 Léon DOMMARTIN.
3709 1772 4076 1926 Correspondance
3520 1942 4260 1978 A quelques lignes d'Octave de Parisis, dans
3510 1982 4268 2018 un des derniers numéros du Gaulois, M. Fran¬
3488 2022 4258 2058 cis Nettement répond par plusieurs pages.
3492 2064 4264 2094 Il y a là un assez flagrant abus du droit de
3490 2100 4260 2134 réponse auquel nos colonnes sont ouvertes.
3508 2140 4260 2174 Mais nous tenons à affirmer notre hospitalité,
3502 2178 4254 2214 et le nom de M. Nettement est trop honora¬
3506 2218 4266 2254 blement connu pour que nous veuillions cette
3498 2258 3988 2294 fois lui marchander l'espace.
3824 2320 4204 2355 Paris, ce 12 juillet 1868.
3676 2366 4096 2399 Aux directeurs du Gaulois,
3572 2328 3728 2478 Messieurs,
3508 2448 4248 2478 Vos deux noms m'ont inspiré pleine confiance
3508 2474 4246 2510 dans les paroles de votre programme, dans votre
3506 2506 4254 2540 déclaration expresse, à savoir que le Gaulois, ren¬
3488 2538 4258 2570 dez-vous offert à des opinions diverses, serait
3492 2568 4260 2602 aussi une lice où, bien que profondément divisées,
3492 2598 4252 2634 les doctrines et les idées, les opinions pourraient
3500 2626 4246 2662 se combattre à armes courtoises : je regarderais,
3496 2660 4252 2694 pour ma part, un tel résultat comme infiniment utile
3489 2690 4260 2726 et désirable dans la division énorme des idées en
3508 2722 4262 2758 France, qui frappe l'avenir d'une telle incertitude
3488 2754 4252 2786 et le menace de tels déchirements, que si, dans
3486 2782 4258 2820 la forme au moins, la violence pouvait disparaî¬
3500 2814 4262 2850 tre entre des adversaires intellectuels, ce serait
3500 2846 4254 2882 déjà un grand progrès à obtenir, un mémorable
3496 2880 4248 2910 exemple à donner. Ah ! qu'un débat largement
3488 2906 4250 2942 contradictoire soit ainsi introduit dans le Gau¬
3508 2938 4246 2974 lois, que, dans une passe d'armes journalière des
3484 2970 4254 3006 idées, à laquelle tout le monde pourra assister,
3506 3002 4246 3034 chacun arrive, sans doute, avec sa lance et ses
3486 3030 4258 3066 couleurs, mais aussi avec la pensée de la France,
3512 3062 4246 3098 blessée, menacée par les longues querelles de ses
3494 3094 4254 3128 propres enfants, avec le désir d'y mettre le terme
3492 3128 3968 3160 le plus prompt et le meilleur !
3494 3154 4246 3190 Eh! bien, le moyen le plus pratique, suivant
3484 3186 4246 3220 moi, d'arriver à ce terme, c'est d'abord de ne pas
3490 3218 4248 3250 mettre le pistolet sur la gorge ou, passez-moi le
3506 3246 4246 3282 mot, le poing sous le nez des gens avec lesquels
3490 3280 3668 3314 on discute.
3512 3312 4252 3342 Je veux parler ici du pamphlet que M. Alexan-
3492 3343 4256 3374 dre Weill vient de publier contre Mgr Dupanloup.
3506 3370 4018 3406 et qui a pour titre : A nous deux !
3508 3400 4256 3434 Or, dans une chronique du Gaulois, signée Oc¬
3508 3434 4252 3466 tave de Parisis, je trouve l'éloge du pamphlet de
3498 3462 4246 3498 M. Weill, écrit dans le même style que son titre.
3504 3494 4260 3530 La première observation que je me permettrai
3508 3524 4252 3558 de faire à l'auteur de cet éloge, c'est qu'en atta¬
3496 3558 4260 3589 quant Mgr Dupanloup et d'une telle manière, à
3508 3586 4248 3622 la manière de son héros M. Weill, il manque
3510 3618 4258 3652 tout à fait, et au ton et à l'esprit, que j'ai d'abord
3508 3652 4252 3682 remarqués dans le Gaulois, et dont ses directeurs,
3504 3678 4248 3714 comme c'était leur devoir, ont donné l'exemple.
3504 3712 4260 3742 Dans ses tendances les plus accusées, le Gau-
3492 3744 4260 3774 lois a montre un esprit à la fois tolérant et libé-
3504 3770 4254 3806 ral. S'il y a eu quelques exceptions à ces ten¬
3508 3802 4260 3834 dances et à cette mesure, dans l'esprit d'une sage
3500 3834 4248 3866 liberté, je les attribue à un trop prompt emmè¬
3504 3864 4252 3898 nagement politique et littéraire, ou, si l'on aime
3504 3894 4262 3930 mieux, au lancement du vaisseau, qui ne suit
3495 3926 4258 3958 pas toujours l'impulsion donnée ; c'est autre
3494 3956 4052 3990 chose, lorsqu'il est en pleine mer !
3504 3986 4258 4022 C'était donc jouer de malheur que d'attaquer,
3508 4018 4252 4054 dans une feuille libérale indépendante, un évê¬
3486 4048 4260 4084 que libéral et indépendant, et là où l'on honore
3500 4078 4256 4114 le mérite littéraire, un de nos plus éminents écri¬
3500 4110 4250 4146 vains ! Eh ! vous n'y pensez pas, monsieur de
3492 4140 4256 4178 Parisis, vous tirez sur un des nôtres ; c'est par
3486 4170 4246 4208 la parole à la Chambre, par la plume dans les
3488 4202 4260 4238 journaux, que Mgr Dupanloup entend qu'on
3500 4234 4252 4270 agisse sur l'opinion ; c'est un évêque essentielle¬
3500 4266 4192 4302 ment parlementaire, et il a mille fois raison.
3492 4294 4252 4330 Que voulez-vous lui demander de plus et quel
3508 4326 4246 4362 reproche lui adressez-vous? D’être évêque, peut¬
3494 4358 4258 4392 être, et de faire son devoir en se servant de sa
3494 4388 4248 4424 plume de grand polémiste pour défendre la reli¬
3492 4418 4240 4454 gion contre ceux qui ont le malheur de s'être
3516 4450 4250 4486 faits ses ennemis ? Dans un siècle où la presse et
3500 4482 4252 4518 les livres exercent une telle influence, ne serait¬
3490 4512 4248 4548 ce pas une étrange prétention que de dire à un
3496 4542 4250 4578 évêque, écrivain hors ligne, vous n'écrirez pas ;
3494 4574 4246 4608 mais vous ne le lui dites pas, répondrez-vous ?
3506 4604 4250 4638 Si vous le lui dites par des outrages, comme M.
3508 4634 4254 4670 Weill : « Est-ce donc ainsi, libres penseurs,
3508 4666 4246 4702 que vous entendez la liberté ? Ne serait-on pas
3508 4696 4252 4734 fondé à dire que vous l'aimez beaucoup en théo¬
3506 4726 4256 4764 rie, un peu comme Don Quichotte sa Dulcinée
3490 4758 4260 4794 imaginaire, et qu'en définitive peu vous importe,
3506 4790 4250 4824 comme à lui, sur qui vous frappez, pourvu que
3491 4818 3926 4854 vous frappiez en son nom ?
3512 4850 4250 4886 C'est ainsi que M. Octave de Parisis parle des
3492 4882 4250 4918 fureurs de Mgr Dupanloup, de ses élucubrations
3502 4914 4258 4946 caniculaires, comme si chaque saison inspirait à
3484 4944 4260 4978 l'illustre évêque quelque transport de rage, dont
3487 4974 4096 5010 les libres penseurs auraient à se garer.
3498 5004 4256 5040 Mais ce qui paraît le plus extraordinaire à M.
3500 5036 4252 5074 de Parisis, c'est que Mgr Dupanloup, ému de la
3496 5066 4242 5102 demonstration protestante qui vient d'avoir lieu
3496 5098 4244 5134 à Worms, en l'honneur de Luther, prépare une
3504 5130 4242 5166 brochure, en ce moment, ou un livre sur Luther.
3498 5162 4254 5196 Un évêque catholique, qui prétend aujourd'hui
3494 5194 4250 5228 juger Luther d'après les faits, d'iprès histoire, et
3506 5224 4252 5258 répondre à une manifestation protestante, dans
3500 5254 4264 5290 laquelle notre allié et ami le roi de Prusse jouait
3504 5286 4258 5322 un rôle, n'est-ce pas intolérable ? — A cela, je n'ai
3500 5318 4246 5354 qu'une réponse à faire : dans le mouvement im¬
3508 5346 4262 5386 nense qui ramène en ce moment l'Angleterre au
3488 5378 4248 5414 catholicisme, voici ce qui se passait très dernière¬
3496 5410 4250 5446 ment : Un meeting très nombreux de membres
3498 5442 4250 5474 de la haute église anglicane, comme on l'appelle,
3486 5472 4260 5509 ministres et laïques, se réunissaient à Londres,
3492 5502 4248 5538 sous la présidence de lordNelson, pour soutenir
3488 5534 4260 5570 et défendre les ritualistes qui rétablissent, dans
3488 5562 4250 5602 beaucoup d'églises anglicanes, les rites et les
3488 5594 4250 5630 cérémonies avec les dogmes catholiques : à
3504 5626 4252 5662 la fin du meeting, l'archidiacre anglican Den¬
3488 5654 4254 5694 nison prit la parole, comme l'organe du mee¬
3500 5686 4248 5726 ting, et protesta sans qu'il y eût aucune récla¬
3506 5718 4260 5756 mation, contre Luther, contre Calvin, contre
3500 5750 4252 5786 tout le seizième siècle, en un mot, contre le pro¬
3500 5780 4256 5818 testantisme.— Lorsque les protestants en sont là,
3498 5810 4248 5848 M. Octave de Parisis et M. Weill veulent-ils bien
3492 5842 4236 5882 permettre à Mgr Dupanloup d'en faire autant ?
3889 5804 4156 5954 F. NETTEMENT.
3508 6030 4240 6062 Prière à M. B... de vouloir bien nous ap¬
3496 6070 3944 6102 porter son carnet tout neuf.
3550 6178 4188 6334 AVANT - PROPOS DE REVUE SCIENTIFIQUE.
3506 6350 4256 6390 Les gens qui s'occupent de science se sont
3494 6396 4248 6434 toujours plaints que les rédacteurs en chef
3488 6440 4250 6478 des journaux rétrécissaient, autant et plus
3488 6486 4244 6522 que possible, la place qu'il est d'usage de
3496 6530 4256 6566 consacrer aux faits et gestes de messieurs
3488 6574 4260 6610 les savants. En mainte circonstance j'ai fait
3488 6618 4248 6654 chorus avec les mécontents. Mais en y réflé¬
3486 6662 4252 6702 chissant, j'ai volontiers absous messieurs les
3492 6706 4244 6746 rédacteurs en chef. Les seuls coupables sont
3488 6750 4242 6790 mes chers confrères en cette partie qui, pour
3484 6794 4252 6834 la plupart, se livrent à d'interminables dé¬
3488 6840 4244 6878 bauches d'embètement pour le lecteur, à
3490 6884 4248 6924 seule fin de ne pas déroger à la dignité scien¬
3496 6930 4194 6970 tifique, et à force de vouloir être sérieux.
4342 250 5082 290 Hé! la science a ses organes spéciaux où
4310 294 5086 334 elle peut être sérieuse tout à son aise. Dans
4312 338 5086 378 nos journaux, il importe qu'elle soit traitée
4318 380 4602 414 d'autre manière.
4326 426 5074 466 Il en est de la science comme de la musi¬
4316 470 5066 510 que, comme de la peinture, comme du théâ¬
4314 516 5066 554 tre, quand la critique est faite par des savants
4314 558 5096 598 contrôlés, des musiciens, des peintres, des
4314 604 5090 642 auteurs dramatiques, — avec cette différence
4322 650 5090 686 encore en défaveur des premiers, qu'ils se
4310 694 5094 732 croient obligés de trouver tout bien, de tout
4322 738 5072 774 admirer; tandis que les autres ne se privent
4318 782 5088 818 pas d'éreinter leurs confrères qui différent de
4324 826 5060 862 tempérament musical, pictural ou littéraire.
4330 869 5096 908 Le malheur est que nous avons une science
4326 913 5076 952 officielle, approuvée par l'Académie, par la
4320 959 4708 990 Faculté, par l'Autorité.
4344 1001 5082 1042 Dans nos journaux, les comptes rendus, les
4334 1045 5084 1086 critiques exécutés par les spécialistes, par les
4322 1090 5086 1130 hommes du métier, savants, musiciens, pein¬
4330 1134 5082 1174 tres, auteurs dramatiques, sont presque tou¬
4314 1177 5084 1218 jours de fort mauvais articles, ennuyeux,
4314 1221 5074 1262 lourds, pâteux, indigestes, filandreux, préten¬
4326 1265 5080 1308 tieux, illisibles, encombrants ; parce qu'ils
4316 1309 5080 1352 sont didactiques, parce qu'ils sentent l'école,
4320 1353 5082 1398 parce qu'ils veulent trop prouver, parce qu'ils ne
4320 1397 5076 1440 sont pas indépendants, en un mot, parce que,
4332 1441 5092 1484 — malgré tout le talent qui peut avoir présidé
4310 1485 5074 1526 à leur éclosion, — ils ne sont pas écrits par
4320 1531 4592 1562 des journalistes.
4364 1494 5082 1658 Oui, journalistes, toute la différence est là.
4330 1616 5086 1663 L'erreur a toujours été que l'on s'est figuré
4318 1662 5074 1706 que les spécialistes devaient avoir, plus que
4328 1706 5080 1746 les ubiquistes, les qualités requises pour par¬
4324 1749 5082 1794 ler de leur partie ; à mon sens, on ne peut
4332 1793 5076 1836 faire un pire choix. Les spécialistes obéissent
4316 1837 5082 1882 toujours à un parti pris, à un mot d'or¬
4332 1881 5078 1926 dre, souvent à un sentiment de ja¬
4320 1926 5086 1970 lousie (ne les faisons pas meilleurs qu'ils
4316 1974 5092 2012 sont) ; ils ont des admirations exclusives et
4332 2017 4902 2054 des dénigrements systématiques.
4322 2061 5086 2102 Les gens qui « sont de la partie, » voilà une
4330 2105 4778 2142 des plaies du journalisme.
4322 2149 5090 2190 Et notez que ces écrivains ne sont, pour la
4322 2194 5074 2234 plupart, que des fruits secs de la partie qu'ils
4318 2238 4816 2274 se donnent mission de juger.
4322 2282 5090 2322 Presque tous mes confrères de la chroni¬
4322 2326 5088 2366 que scientifique m'apparaissent sous l'aspect
4326 2370 5082 2410 de gravité de « l'âne qui porte les reliques. »
4326 2412 5090 2454 Pas de danger qu'ils lancent une ruade. Et
4328 2460 4572 2490 leur dignité !...
4326 2500 5086 2542 Cela se comprend : pour la plupart, ils ont
4332 2542 5086 2586 des aspirations ambitieuses avec lesquelles ne
4313 2589 5078 2630 cadrerait pas la critique. Les savants sont, en
4326 2633 5074 2674 général, des gens très rancuniers : un écart
4338 2675 5078 2718 de l'écrivain, et adieu décorations, adieu chaî¬
4328 2723 4612 2754 res, adieu places.
4340 2766 5080 2810 Journaliste avant tout, savant par goût et
4316 2810 5086 2854 non par métier, je crois réunir, autant que
4306 2853 5090 2898 faire se peut, les qualités nécessaires à l'élabo¬
4314 2897 5086 2942 ration d'une chronique scientifique par-des¬
4316 2941 5078 2986 sus laquelle le lecteur n'emjambe pas pour
4320 2985 4940 3026 courir aux annonces, de préférence.
4328 3029 5094 3074 J'ai l'intention de passer en revue ici les
4328 3073 5078 3118 niaiseries, les sottises, les erreurs, les men¬
4316 3117 5078 3162 songes de la science, et aussi tout ce qu'elle
4319 3163 5082 3206 comporte de bon, d'utile, de vrai, de juste
4318 3207 4786 3246 pour l'avenir de l'humanité.
4340 3253 5090 3298 Provisoirement, et jusqu'à ce que je me sois
4328 3297 5014 3342 affirmé, je mets un masque et je signe :
4842 3314 4986 3470 DENIZET.
4500 3550 4898 3710 EMPRUNT ÉGYPTIEN
4326 3708 5078 3754 Depuis longtemps, le vice-roi d'Egypte a
4328 3750 5086 3798 résolu d'élever ce pays au niveau de la civi¬
4328 3793 5094 3840 lisation moderne. C'est ainsi que nous voyons
4318 3839 5074 3886 Ismaïl entrer dans la voie du progrès, cou-
4330 3883 5086 3930 vrir l'Egypte de chemins de fer, ouvrir de
4328 3925 5086 3974 nouveaux canaux d'irrigation et de naviga¬
4320 3969 5086 4018 tion et améliorer les anciens. C'est encore
4317 4011 5076 4064 dans ce même ordre d'idées que le vice-roi,
4320 4057 5090 4108 pratiquant le système de fusion, sur le sol
4328 4101 5086 4154 égyptien, des indigènes et des Européens,
4328 4146 5086 4198 étend également sa protection sur les fellahs
4324 4190 5088 4240 qu'il s'applique à enrichir, à grandir, à élever
4319 4234 5086 4286 à leurs propres yeux, en même temps qu'il
4318 4279 5086 4330 encourage cette entreprise européenne ou
4322 4324 5090 4374 plutôt universelle du Canal de Suez, dont il
4326 4367 5078 4418 s'est fait le principal intéressé et le constant
4317 4415 4512 4446 pretecteur.
4326 4458 5082 4506 Le petit-fils de Mehemet-Ali a parfaitement
4314 4502 5080 4552 compris qu'il ne plaçait pas infructueusement
4322 4544 5082 4594 ses capitaux, en venant en aide à une entre¬
4322 4588 5074 4638 prise qui, ouvrant de la Méditerranée à la mer
4322 4632 5086 4686 Rouge un grand passage au commerce du
4314 4676 5090 4726 monde, ne pouvait que développer considéra¬
4326 4720 5082 4776 blement l'activité et la prospérité de l'Egypte.
4310 4764 5082 4816 N'est-il pas certain que l'œuvre universelle
4312 4810 5074 4862 du canal de Suez, que le vice-roi a fait sienne,
4320 4854 5082 4906 pour ainsi dire, rendra au centuple à l'Egypte
4324 4898 5082 4950 l'appui que ce souverain n'aura cessé de lui
4324 4938 4448 4970 porter ?
4322 4986 5090 5034 Mais pour mener à bonne fin tous les tra¬
4326 5028 5074 5082 vaux qu'il a entrepris, tous ceux auxquels
4314 5070 5086 5126 il s'est associé, le gouvernement égyptien a
4330 5116 5078 5170 créé, par l'émission de Bons du Trésor, une
4326 5160 5080 5212 dette flottante considérable et qui le force
4330 5204 5086 5254 trop souvent à subir les dures lois que des
4320 5246 4782 5286 souscripteurs lui imposent.
4346 5294 5082 5342 C'est pour échapper à ces difficultés, à ces
4322 5338 5084 5388 pressions, que le vice-roi émet aujourd'hui
4322 5382 5096 5432 un emprunt de 20,807,500 francs de rente, au
4320 5426 5088 5476 prix de 75 0/0. Au moyen de cet emprunt,
4320 5470 5078 5518 qui n'est qu'une véritable consolidation de sa
4312 5514 5090 5562 dette flottante, le gouvernement égyptien se
4320 5558 5078 5606 propose donc pour but de retirer de la circu¬
4326 5602 5082 5650 lation des Bons du Trésor ou de l'Adminis-
4320 5646 5076 5690 tration de ses chemins de fer. Seulement cet
4312 5690 5074 5734 emprunt, constitué en rentes et dont le ser¬
4316 5734 5074 5782 vice repose sur d'indiscutables garanties,
4320 5778 5074 5826 sera complétement remboursé en trentes an¬
4324 5822 5086 5870 nées par voie de tirages au sort qui auront
4314 5868 5078 5914 lieu tous les six mois. Le souscripteur de ces
4311 5911 5058 5958 titres de rentes est assuré d'un revenu, —
4322 5958 4938 5998 amortissement compris, de 10-44 0/0.
4314 6002 5074 6050 Or, tout en offrant à ses prêteurs une sem¬
4306 6046 5074 6094 blable rémunération, le gouvernement égyp¬
4322 6086 5074 6134 tien réalise une économie considérable sur
4324 6130 5082 6178 le taux qu'il est habitué à payer. De telle
4308 6174 5066 6222 sorte que cet emprunt, s'il doit être recher¬
4308 6218 5074 6266 ché par les avantages et les sécurités qu'il
4316 6262 5066 6310 présente, est, en même temps, une bon¬
4322 6308 5082 6354 ne affaire pour le gouvernement égyptien, les
4318 6354 5068 6400 charges, intérêts, commissions, changes, etc.,
4306 6396 5082 6442 qui pesaient en effet sur lui par suite du sys¬
4306 6442 5082 6486 tème de la négociation et du renouvellement
4306 6486 5082 6530 des Bons du Trésor, ne sont-ils pas supé¬
4318 6530 5078 6574 rieurs aux dépenses qu'exigera le service de
4320 6576 5076 6618 l'Emprunt qui, dans trente années, sera
4320 6618 4448 6650 amorti ?
4332 6664 5078 6706 L'intérêt de 10 0/0 que recevront les sous¬
4308 6707 5076 6752 cripteurs des titres de l'Emprunt, divisé à
4316 6754 5078 6798 leur gré en coupures de 35 fr., de 175 fr., de
4324 6794 5060 6840 875 fr. de rente au prix d'émission de 375 fr.,
4304 6842 5074 6886 de 1,875 francs, de 9,375 fr. payables en six
4314 6886 5066 6930 termes, échelonnés jusqu'au 15 décembre
4314 6930 5074 6974 prochain, sera largement couvert, pour le
