5293 7360
272 88 1244 242 Deuxième année. — Numére 375
440 232 692 382 LE NUMÉRO
744 232 820 382 15
872 226 1084 376 CENTIMES
518 278 984 434 Départements et gares 20 c.)
540 372 976 526 ABONNEMENTS (Paris)
250 434 1254 594 n an, 54 fr. — Six mois, 27 fr. — Trois mois, 13 fr. 50
632 528 868 682 ANNONCES
286 570 1234 730 MM. Ch. Lagrange, Cerf et Ce, 6, PLACE DE LA BOURSE
498 662 1018 818 Les manuscrits ne sont pas rendus
4276 76 4892 226 Jeudi 15 Juillet 1869
4244 278 4882 328 LE NUMÉRO 15 CENTIMES
4302 330 4814 376 (Départements et gares : 20 c.)
4302 346 4862 506 ABONNEMENTS (Départements)
4068 402 5062 574 Un an, 64 fr. — Six mois, 32 fr. — Trois mois, 16 fr.
4430 589 4726 624 ANNONCES
4180 625 5042 678 Ch. Lagrange, Cerf et Ce, 6, PLACE DE LA BOURSE
4290 646 4842 806 Les manuscrits ne sont pas rendus
464 862 1480 1022 Administration, 18, rue de la Grange-Batelière.
2196 858 2952 1010 EDMOND TARBE, Directeur-Gérant.
4056 858 4696 1014 Rédaction, 18, rue du Holder.
348 1100 874 1254 PARIS - VOYAGE
262 1226 634 1380 Voici l'heure venue des
220 1344 744 1374 campagne et des excursions
216 1378 356 1408 d'eaux.
224 1416 976 1446 Nous songions déjà que les habitudes pa¬
204 1446 962 1482 risiennes de nos lecteurs se modifiant et su¬
202 1482 970 1518 bissant aussi bien que le thermomètre les
192 1518 964 1554 fantaisies de la chaleur, il nous faudrait nous
206 1554 966 1588 mettre au ton du jour et faire voyager le
200 1592 984 1622 Gaulois d'une façon ou de l'autre. Nous
208 1628 984 1658 avions même déjà formé quelques projets
216 1664 972 1694 quand tout à coup une proposition nous fut
212 1700 964 1730 faite, qui remplissait parfaitement le but que
196 1732 972 1766 nous voulionslatteindre, et nous nous empres¬
192 1766 564 1802 sâmes de l'accepter.
236 1800 982 1839 Il y a de cela une quinzaine de jours en¬
212 1838 970 1874 viron, un jeune homme se présenta à nos bu¬
232 1874 534 1910 eaux et nous dit :
238 1910 978 1942 — Messieurs, je fais partie d'une bande de
202 1946 984 1980 jeunes gens, compagnons de cercle, de dé¬
216 1982 972 2012 veine et de chevaux, qui passons ensemble
204 2020 988 2050 toutes les nuits de l'hiver et du printemps.
216 2056 972 2086 Quand l'été vient, nous nous séparons et nous
220 2092 972 2122 tirons chacun de notre côte, l'un allant au
218 2124 978 2158 fond de sa province, l'autre cotoyant les bords
224 2158 984 2194 du Rhin et les villes d'eaux, ceux-ci gagant
204 2194 984 2230 les ports de mer et ceux-là enfourchant les
212 2230 976 2266 bidets qui sont la gloire des Alpes et des Py¬
214 2268 330 2302 rénées.
220 2302 978 2338 Si nous échappons volontiers au grand 16
206 2334 978 2372 pendant quelques semaines, nous éprouvons
226 2372 978 2408 un certain ennui à ne plus entendre parler
222 2406 984 2442 les uns des autres ; ce n'est pas amitié, ras¬
224 2442 980 2478 surez-vous, c'est habitude tout bonnement.
240 2478 976 2514 Nous avons donc imaginé de vous deman¬
208 2514 984 2550 der la permission de correspondre par la voie
200 2548 972 2586 de votre journal ; le Gaulois se trouve par¬
204 2582 976 2622 tout, et tandis que nos lettres pourraient s'é¬
200 2618 980 2658 garer dans des villages aussitôt abandonnés
202 2654 984 2692 que découverts, nous sommes certains de
194 2690 982 2726 pouvoir acheter votre journal à la première
208 2726 912 2762 station ou chez le premier libraire venu.
248 2762 984 2798 Nous nous écrirons par votre intermé¬
212 2798 974 2838 diaire (franco) et nous l'espérons, de façon à
216 2834 968 2874 ne pas trop ennuyer vos lecteurs, cherchant
222 2870 982 2908 partout où il sera le mouvement ou le pitto¬
210 2904 988 2944 resque. Pas de descriptions, surtout ! des
222 2938 978 2980 cancans, des anecdotes, des racontars, pour
222 2974 982 3016 employer le terme que vous avez mis à la
218 3010 978 3052 mode, voilà tout. Que pensez-vous de mon
220 3046 982 3086 projet? Que dois-je répondre à mes amis,
216 3082 982 3122 qui m'ont adressé à vous comme ambassa¬
220 3118 980 3158 deur, sous prétexte que je suis attaché non
208 3154 986 3198 payé aux Affaires étrangères et que cette
220 3190 972 3230 mission — si elle réussit — leur donnera
208 3226 976 3266 une haute opinion de mon avenir diploma¬
216 3272 344 3302 tique ?
596 3242 636 3392 *
238 3370 982 3408 Séance tenante, nous avons accepté la pro¬
228 3404 980 3446 position et nous avons arrêté le titre de cette
234 3438 982 3480 correspondance, qui doit s'éparpiller avec
234 3474 802 3514 nous aux quatre coins du monde.
236 3510 974 3550 Cela s'appellera Paris-voyage, c'est simple,
220 3546 848 3586 court, et cela dit tout en deux mots.
228 3582 988 3622 Aujourd'hui notre attaché non payé, le
216 3618 984 3658 seul de ces messieurs que sa grandeur atta¬
224 3654 980 3694 che au rivage, écrit à ses amis. Nous insére¬
228 3690 992 3730 rons les réponses à mesure qu'elles nous
226 3730 460 3766 parviendront.
212 3762 980 3802 Si ces messieurs ont de l'esprit, de la jeu¬
230 3794 982 3836 pesse et de l'entrain, nous leur servirons vo¬
212 3830 986 3874 loutiers et longtemps de boîte aux lettres :
230 3870 666 3908 nos lecteurs y gagneront.
224 3902 984 3942 S'ils sont de simples crevés et si leur ra¬
222 3938 986 3980 mage ne vaut pas mieux que leur déplumage,
228 3974 980 4014 nous tournerons court et arrêterons la corres¬
230 4014 394 4050 pondance.
228 4046 980 4086 Ce qu'il y a de bon au Gaulois c'est que
228 4082 980 4122 nous ne sommes pas entêtés, quand nous
210 4114 982 4160 nous trompons — et surtout quand on nous
228 4150 986 4194 trompe, — nous sommes les premiers à nous
224 4190 988 4230 en apercevoir et nous faussons compagnie
236 4152 464 4306 aux gêneurs.
268 4178 982 4342 Les gênés seuls ne se sont jamais plaints
242 4226 338 4384 la onne
560 4336 956 4375 e secrétaire de la rédaction,
600 4384 870 4423 LÉON ESTOR.
260 4478 970 4638 à mon ami Albert... dans un petit trou.
500 4538 712 4688 EN PROVINCE.
236 4686 988 4726 Mon ami : tu dois tourner au sauvage, et
232 4726 980 4766 e veux faire quelque chose pour toi. Tu
226 4766 976 4808 habites aux champs et tu connais ton mal¬
226 4806 982 4848 heur. La nature te semble pitoyable ; elle
228 4846 992 4890 ate ses couchers de soleil ; elle a des au¬
228 4886 992 4930 ores ridicules. Les gens qui t'entourent
228 4926 984 4970 lisent lorettes quand il faut dire grues, et
228 4970 976 5010 roient que c'est l'Empereur qui nomme
224 5010 992 5050 ses députés. Ce n'est plus tenable : tu
234 5050 976 5088 nourras lentement, assassiné dans une
224 5090 992 5130 paix profonde par la main invisible de la
228 5130 988 5170 solitude (style Guernesey.) C'est toi qui as
230 5172 986 5208 e plus besoin d'entendre parler de Paris,
224 5210 806 5250 c'est à toi que j'écris le premier.
242 5250 970 5288 Tu sauras d'abord que le pouvoir est en
222 5290 986 5328 passe de devenir parlementaire, ce qui est
230 5330 986 5368 une bonne leçon donnée par lui à ceux de
228 5372 978 5410 messieurs les orateurs qui se rappellent
228 5414 974 5450 trop volontiers à la Chambre le stage fait
236 5454 906 5490 ar eux dans les réunions publiques.
246 5498 974 5532 M. Rouher a donné sa démission; tu
224 5538 986 5574 sais bien, M. Rouher? Le père de la femme
228 5578 982 5614 du beau-fils de mon ministre à moi. Chose
244 5618 978 5654 tonnante ; on a l'air satisfait un peu par¬
232 5658 970 5694 out ; c'est étonnant comme ce ministre-là
222 5698 490 5736 a peu d'amis !
236 5742 988 5778 Je ne te parle pas de mon ministre qui
232 5782 986 5822 banurge à côté de M. Rouher, et qui
242 5822 976 5860 aute le pas de compagnie ; tu comprends
226 5862 984 5900 qu'il rentrera un jour ou l'autre aux affai¬
238 5902 988 5940 es, et je ne veux pas qu'il ait alors la
228 5942 766 5982 moindre rancune contre moi.
256 5906 750 6066 Parlons donc d'autre chose
616 5986 636 6136 .
244 6126 978 6166 Si le Dieu de mes pères — dont on m'a
252 6166 978 6206 eaucoup parlé durant mon enfance. —
232 6206 988 6246 m'était apparu à l'heure difficile où l'on
232 6246 988 6286 fait choix d'une carrière et qu'il m'eût
248 6286 990 6326 it : « Mon garçon, il te faut un bon état :
232 6326 976 6366 tu seras kédive ! » Je me serais prosterné
244 6366 978 6406 ans la poussière, j'aurais couvert ma tête
238 6406 798 6448 le cendre, et j'aurais répondu :
240 6446 980 6486 — Seigneur, éloignez de moi ce calice.
248 6486 986 6530 i la vie me destine à d'amères infortunes,
244 6526 986 6570 ue celle-là du moins me soit épargnée.
240 6486 994 6650 Et si l'Eternel, insistant, m'avait dit :
230 6608 1000 6652 Malheureux ! tu ne sais pas ce que tu
248 6650 998 6694 efuses. Tu auras des odalisques sans nom¬
244 6690 1000 6734 re, un café-concert et des palais d'été,
230 6730 1004 6776 sans compter les alcarazas pour te rafraî¬
236 6770 1004 6818 hir sous ces climats brûlants. » J'aurais
236 6810 1000 6858 té respectueusement ma casquette, et
232 6850 988 6898 j'eusse osé répliquer : « Non, Seigneur. Je
244 6890 988 6938 le suis qu'un vermisseau devant vos
236 6934 1002 6982 pieds. Mais je refuse. Car vous n'ajoutez
1052 1074 1802 1110 pas que, lorsque j'irai à Paris, on me mè¬
1038 1116 1590 1150 nera m'amuser à Versailles. »
1060 1222 1786 1260 Mon ami, je crois que le kédive n'est plu
1046 1262 1806 1296 dans nos murs. Il a été l'hôte de la France,
1056 1302 1792 1334 t je n'en veux point dire de mal. C'est d'ail¬
1056 1342 1796 1372 eurs un joli garçon, avec une belle barbe,
1060 1384 1800 1414 timé des dames. Mais, ma parole, il nous
1052 1422 1792 1454 a rendu pendant quinze jours le métier bien
1052 1464 1800 1494 pénible. Outre qu'il fallait savoir comment
1036 1504 1796 1534 il mettait sa redingote et combien de fois
1048 1542 1790 1578 par jour il changeait de chemise ; outre
1052 1582 1796 1612 qu'il fallait indiquer précisément à nos lec¬
1036 1624 1800 1654 teurs où il allait prendre son bock aux Va¬
1034 1662 1792 1694 riétés à côté d'Hamburger, — à chaque
1044 1704 1804 1734 instant nos bureux étaient envahis par des
1036 1742 1808 1772 chevaliers de bonne mine qui venaient po
1036 1784 1796 1814 liment nous demander son adresse, et trois
1046 1822 1794 1854 jours après on rencontrait ces mêmes
1034 1862 1798 1896 gens sur le boulevard avec une décora¬
1050 1902 1802 1936 tion. Pour être juste, il faut dire qu'ils ne
1036 1944 1800 1978 la portaient point mal : on aurait juré
1034 1982 1794 2018 qu'ils n'avaient fait que cela toute leur
1050 2024 1114 2058 vie.
1404 2004 1440 2154 *
1052 2132 1800 2162 C'est un jour qu'il avait été sage que le
1052 2172 1800 2202 kédive s'est vu mener à Versailles. Il est
1052 2212 1808 2242 monté en fiacre avec un chambellan et
1052 2250 1796 2282 M. de Nieuwerkerke, l'un portant le panier
1052 2290 1804 2322 et l'autre les bouteilles. On a déjeuné sur
1040 2330 1806 2362 l'herbe. Mais les kédives ne sont pas des
1038 2370 1792 2402 rêveurs. Notre grand parc, avec ses allées
1046 2410 1796 2444 à perte de vue, ses horizons bleuâtres
1040 2450 1804 2486 (tous les horizons ont cette couleur un peu
1052 2490 1808 2526 monotone), nos grands escaliers, voire
1056 2532 1796 2566 même les trois marches de marbre rose, —
1050 2572 1808 2606 non, tout cela ne l'a point touché. Par
1050 2610 1808 2646 bonheur Niewerkerke était là. « — Ma foi,
1040 2650 1800 2686 sire, nous ne sommes que trois : impos¬
1050 2690 1804 2726 sible de jouer aux quatre coins. Si nous
1046 2730 1738 2766 allions voir le Musée ? ça me connaît.
1050 2770 1802 2806 Et le kédive, avec cette « impassibilité
1052 2810 1794 2846 qui caractérise l'Orient » ayant répondu :
1104 2770 1448 2922 Ça m'est égal.
1054 2890 1796 2922 On le mena contempler les cinq ou six
1030 2930 1796 2964 cents toiles qui retracent si fidèlement les
1040 2970 1804 3004 annales de la nation. Comme il s'attardait
1028 3010 1796 3042 devant la fameuse Smala, Nieuwerkerke
1032 3052 1808 3082 voulut lui faire la politesse de la décro-
1044 3090 1128 3120 cher.
1070 3130 1806 3166 — Emportez-la, sire: ça me fera plai¬
1068 3172 1148 3202 ir. M
1046 3210 1798 3246 Le kédive, trouvant la toile un peu
1056 3252 1792 3286 grande, a refusé, et Nieuwerkerke n'a pas
1062 3290 1192 3320 nsisté.
1090 3250 1548 3406 Il a fait là preuve de tact.
1056 3434 1796 3468 L'an dernier, à son retour de Turquie,
1028 3474 1812 3508 Gambetta m'a raconté une anecdote qui
1036 3514 1798 3550 prouve combien les Orientaux aiment et
1044 3556 1452 3586 comprennent les arts.
1056 3594 1798 3630 Abdul-Aziz a conçu une folle passion
1060 3634 1796 3666 pour la toile peinte, et parmi les différen¬
1048 3674 1806 3710 tes écoles de barbouilleurs, la Française à
1050 3714 1810 3750 sa prédilection. Tellement qu'il a auprès
1058 3754 1798 3790 de lui un peintre gagé, dont je ne sais
1048 3794 1796 3828 plus le nom, ancien habitué de la brasse
1048 3834 1802 3870 rie des Martyrs, dont la charge (et on peut
1064 3874 1796 3908 lire que c'est une bonne charge), consiste
1042 3914 1798 3950 à peindre à volonté tout ce que souhaite le
1048 3956 1180 3986 Sultan,
1070 3994 1798 4030 Abdul-Aziz aime surtout la décoration :
1058 4034 1806 4070 armes, batailles, vaisselle. Un jour il fait
1056 4074 1680 4108 appeler son affreux Salvator Rosa.
1098 4114 1800 4150 — Je veux que tu me peignes une ba¬
1048 4154 1148 4190 taille.
1100 4116 1660 4266 — Parfaitement, sire. Laquelle ?
1098 4239 1800 4274 — N'importe. Combien de temps le
1056 4283 1184 4314 faut-il ?
1104 4240 1332 4390 — Trois mois.
1088 4278 1308 4428 — C'est bon
1078 4400 1796 4434 Il était quatre heures de l'après-midi.
1052 4444 1796 4474 Vers cinq heures le sultan se réveille et un
1056 4480 1320 4514 muet accourt.
1082 4522 1802 4556 — Va dire à mon peintre que je désire
1060 4562 1808 4602 avoir mon tableau demain après déjeu¬
1042 4610 1144 4646 ner.
1106 4646 1818 4678 ésespoir de Salvator. Il ne s'agissait
1064 4668 1124 4698 De
1230 4684 1810 4718 On empale les récalcitrants
1064 4708 1280 4738 pas de rire.
1412 4646 1812 4798 vrissent les minarets.
1054 4666 1786 4838 dans ce pays où fleurs n'y font rien
1044 4786 1584 4822 Tous les consulats du monde
1064 4826 1576 4862 On s'excuse : et tout est dit.
1060 4866 1804 4902 Salvator se mit donc à peindre ; quel¬
1056 4906 1816 4942 ques Français de Péra, alors de passage,
1052 4946 1814 4982 l'aidèrent tant bien que mal. L'un fit le
1052 4986 1814 5022 ciel, l'autre le village, un troisième fit la
1048 5028 1164 5058 fumée.
1068 5066 1802 5102 Le lendemain (on avait travaillé toute la
1056 5110 1800 5144 nuit), le muet présenta le tableau à son
1060 5152 1692 5182 maître entre la poire et le fromage.
1082 5186 1798 5222 — J'ai vu le tableau, ajoutait Gam¬
1060 5226 1152 5257 betta.
1086 5188 1542 5342 — Et... comment était-il ?
1078 5228 1686 5382 — Excellent !... Il était fait de
1748 5232 1808 5382 ver¬
1064 5266 1084 5418 7
1884 1074 2632 1110 « N'oubliez pas, messieurs, que cela se
1874 1114 2632 1150 vend plus ou moins. Il faudra consulter les
1880 1158 2628 1190 prix de la place. » En supposant qu'il y
1866 1198 2622 1230 eût quarante élèves sous la direction de
1862 1234 2624 1270 maître intelligent, et que chacun ait re¬
1874 1272 2640 1311 cueilli religieusement cette phrase, cela
2676 1236 2752 1386 eux.
1862 1236 2622 1390 fait, de compte net, quarante apôtres qui
2714 1070 3446 1106 Les cinquante députés non encore ac¬
2670 1110 3446 1146 ceptés vont, sous la présidence de M. du
2668 1152 3448 1186 Miral, rédiger une adresse à l'Empereur ;
2670 1194 3454 1226 adresse qu'ils portent, eux-mêmes, deux
2668 1230 3458 1266 heures après à Saint Cloud : M. Duvernois,
2664 1272 3460 1306 le directeur du Peuple français, est parmi
1944 2850 2568 3006 LA CRISE
1876 3024 2612 3054 Avant-hier lundi, vers onze heures, un
1888 3062 2612 3094 essage arrivait de Saint-Cloud à la pré¬
1884 3104 2620 3134 idence du Corps législatif ; l'Empereur
1884 3142 2544 3174 nandait M. Schneider en toute hâte.
1882 3180 2610 3214 Voici, en substance, le sujet de l'entre¬
1880 3220 1964 3254 ien :
1892 3262 2620 3292 L'Empereur avait accepté en partie la
1868 3304 2624 3334 démission du ministère ; MM. Rouher, Ba¬
1876 3342 2616 3374 roche, Gressier, Vuitry, La Valette se re¬
1892 3384 2624 3414 raient ; il n'y avait plus de gouverne¬
1872 3422 2628 3452 ment. Dans les circonstances présentes, le
1868 3462 2620 3494 recueillement était nécessaire pour entrer
1872 3502 2300 3533 dans la forme nouvelle.
1892 3544 2644 3574 Les discussions à la Chambre ne pou¬
1880 3582 2640 3614 vaient donc fructueusement exister, coïn¬
1892 3622 2636 3656 idemment avec les travaux élaboratoires
1862 3662 2628 3694 du Sénat. Il convenait que celui-ci fût en¬
1892 3702 2640 3734 ouré de toutes les formes de l'indépen¬
1862 3742 2634 3778 dance propres à garantir son impartialité.
1880 3782 2638 3814 En conséquence, une suspensien mo¬
1862 3822 2638 3858 mentanée des réunions du Corps législatif
1874 3862 2630 3898 était jugée opportune avant d'étudier la
1862 3902 2636 3938 plénitude des pouvoirs conférés à la Cham¬
1896 3982 2630 4018 L'empereur donna lecture au président
1886 4022 2312 4058 le son projet de décret.
1896 4062 2610 4098 Comment ne vint-il pas à la pensée de
1878 4103 2632 4138 M. Schneider de faire remarquer qu'il se¬
1866 4142 2632 4178 rait meilleur, plus avantageux d'en faire
1880 4184 2624 4218 lecture à la Chambre, et de lui en donner
1862 4222 2096 4258 la primeur ?
1900 4326 2632 4362 En ce qui concernait les combinaisons
1876 4368 2638 4402 ministérielles, on maintenait MM. de For¬
1892 4408 2636 4442 ade, appelé à donner, une fois affranchi
1884 4448 2636 4484 de ses attaches originelles, une meilleure
1884 4488 2628 4524 mesure de lui-même, ainsi que MM. Magne,
1882 4528 2640 4562 Niel, Rigaud de Genouilly, et probable¬
1866 4570 2632 4604 ment M. Duruy. On allait sonder M. Emile
1888 4610 2622 4646 Ollivier ; on paraissait assuré de l'adhésion
1884 4650 2634 4686 de MM. Segris (justice), Talhouet (affaires
1884 4690 2564 4724 étrangères), Louvet (travaux publics).
1892 4730 2630 4766 La conférence se prolongea fort avant
1882 4770 2622 4806 dans la nuit ; en principe, plus de minis¬
1892 4810 2626 4846 ère d'Etat, plus de ministère de la maison
1934 4768 2468 4924 l'Empereur et des beaux-arts
2086 4804 2346 4966 tait finie
1924 4838 2056 4988 La conte
2248 4890 2272 5040 *
1878 4926 2554 5086 M. Schneider emportait-il le décret?
1900 5046 2634 5086 Evidemment non, puisqu'il n'y crut dé¬
1868 5086 2618 5126 finitivement qu'en le lisant quelques heu¬
1896 5130 2388 5166 es plus tard dans lOfficiel.
2240 5116 2264 5266 e
1884 5238 2636 5278 Ceux qui ont assisté à la séance du 13
1872 5278 2626 5318 juillet, garderont longtemps la mémoire
1878 5320 2622 5356 de ce solennel spectacle. Les tribunes sont
1876 5358 2626 5398 vides ou à peu près, car tout le monde a lu
1876 5398 2630 5438 le Journal officiel et croit que le Corps lé¬
1862 5438 2618 5480 gislatif ne se réunit pas. La salle des Pas¬
1868 5482 2624 5518 Perdus regorge de députés, de journalistes.
1884 5522 2616 5558 Les conversations sont vives, les visages
1868 5562 2636 5598 consternés. A deux heures, le président
1868 5600 2628 5638 n'est pas encore arrivé. L'anxiété est évi¬
1864 5642 2628 5678 dente. On sait que la gauche va protester.
1876 5682 2632 5718 On redoute un éclat. On craint d'autre part
1878 5722 2636 5758 que le décret impérial ne soit l'objet d'au
1896 5766 2200 5798 une observation.
1894 5802 2636 5838 A deux heures et demie les tambours
1868 5844 2628 5878 battent au champ. M. Schneider apparaît
1866 5884 2636 5918 entre la haie des soldats. Il paraît ému;
1882 5922 2618 5958 sa pâleur est extrême et un léger trem¬
1874 5966 2636 6000 blement révèle l'état de son esprit. Il
1868 6006 2206 6042 monte au fauteuil.
1898 6044 2626 6078 La salle des séances est aussitôt enva¬
1880 6086 2634 6122 hie par les députés. On prend place. Per¬
1868 6126 2426 6162 sonne au banc des ministres !
1900 6168 2624 6198 Ce vide à l'air d'une fosse. Silence de
1880 6206 2628 6236 mort. M. Schneider va lire le décret. M.
1866 6246 2450 6280 Jules Favre demande la parole.
1888 6286 2628 6322 Il monte à la tribune, lentement, lente¬
1868 6326 2644 6362 ment. Ce n'est pas un discours, c'est un
1878 6366 2642 6402 acte qu'il prépare. Pas un mouvement sur
1870 6406 2630 6442 les bancs. Le président s'est levé, plus pâle
1880 6448 2632 6482 encore, la main sur la sonnette, prêt à l'a¬
1878 6490 1974 6524 giter.
1888 6526 2646 6562 M. Jules Favre commence. Aux premiers
1876 6566 2646 6602 mots, sonnette, tumulte, bravos de la
1888 6606 2646 6642 gauche compacte, debout, frémissante.
1884 6646 2632 6682 L'orateur démocrate continue. M. Schnei¬
1878 6687 2634 6726 der l'interpelle, les clameurs redoublent,
1870 6728 2644 6764 les sténographes enregistrent les paroles
1886 6768 2642 6806 de M. Jules Favre, dont la voix domine et
1890 6808 2642 6846 la sonnette et la voix de M. Schneider et les
1870 6846 2328 6882 cris divers des députés.
1906 6890 2642 6926 Le président se hâte de lire le décret.
1896 6930 2250 6966 La séance est levée,
2700 1350 3446 1386 La droite cause par groupe : cause, c'est¬
2688 1392 3456 1426 à-dire... proteste ! Nous pourrions citer les
2708 1432 3444 1466 loms des plus dévoués parmi ces énergi¬
2684 1474 3012 1504 ques protestants.
2700 1514 3452 1546 Parmi les députés dont les pouvoirs
2688 1554 3448 1584 n'ont pas été vérifiés, quelques-uns s'abs¬
2684 1596 3452 1626 tiennent de signer; d'autres parlent de
2696 1636 3108 1666 donner leur démission.
3056 1606 3078 1756 '
2692 1726 3436 1756 A cinq heures, les ministres MM. Forcade
2684 1766 3448 1796 et Magne sont à Saint-Cloud ; à 6 heures,
2688 1808 3436 1838 M. Schneider les rejoint : il fait part à l'Em¬
2694 1846 3438 1878 pereur des divers commentaires qui ont ac¬
2684 1888 3440 1918 cueilli son décret : M. Magne est chargé de
2696 1926 3440 1958 ommer le nouveau ministère en gardant
2704 1966 3238 2002 e département des finances.
3034 1948 3098 2100 ★ ★
2696 2078 3448 2108 La gauche — malgré des réunions par¬
2688 2118 3312 2150 tielles — se pose en observatrice.
2708 2222 3450 2256 Le tiers-parti — y en a-t-il encore ? —
2692 2262 3452 2298 accepte la prorogation, ne croyant pas
2698 2302 3450 2338 qu'elle dure plus de temps qu'il n'en faut
2688 2346 3450 2378 pour la formation d'un nouveau ministère.
3044 2342 3076 2494 ★ ★
2698 2474 3438 2506 Cette idée, du reste, a pénétré à Saint-
2688 2514 3436 2550 Cloud ! On dit, ce soir, que M. Schneider
2690 2554 3092 2590 a éclairé l'Empereur.
2700 2668 3440 2698 Emile Ollivier a repoussé simplement,
2700 2702 3446 2738 nais avec une froide énergie, tout porte¬
2700 2744 3448 2778 euille ; il veut rester lui ! M. Emile Olli¬
2696 2786 3450 2818 vier serait-t-il vraiment un désintéressé?
2696 2828 3436 2858 N'aspirerait-il qu'au rôle de Deack, en
2692 2868 2880 2898 Hongrie ?
3044 2834 3080 2984 *
2700 2962 3446 2996 Voici, au delier moment, quelle serait
2682 3002 3400 3036 la nouvelle composition du ministère.
3080 3002 3434 3156 Affaires étrangères.
2698 3002 2870 3158 Talhouet,
3072 3044 3236 3194 Justice.
2704 3044 2832 3198 Ségris,
2692 3082 2836 3232 Louvet,
3088 3082 3386 3234 Travaux publics
2704 3122 2848 3276 orcade,
3084 3126 3240 3278 Intérieur
2688 3162 2832 3316 Magne,
3080 3168 3272 3318 Finances.
2692 3204 2792 3354 Niel,
3076 3202 3228 3358 Guerre.
2694 3242 3208 3398 Rigaud de Genouilly, Marine
2962 3290 3402 3444 Le secrétaire de la rédaction
3084 3340 3320 3490 LÉON ESTOR.
1876 1354 2632 1390 uront gâté le département. Car on sait
1870 1394 2630 1430 avec quelle admirable rapidité les bonnes
1888 1434 2228 1470 lées se propagent.
1864 1534 2624 1566 Il est probable qu'à Jalons-les-Vignes, tu
1856 1570 2630 1606 n'as pas entendu parler de ce chimpanzé
1876 1612 2632 1646 que le tout Paris des premières est allé
1856 1654 2632 1686 voir en son jardin dit d'acclimatation. C'é¬
1876 1694 2630 1726 ait un orang-outang de bonne mine, d'un
1874 1734 2636 1768 poil convenable, dont les yeux de braise
1874 1774 2636 1808 s'adoucissaient pas je ne sais quel mira¬
1868 1814 2620 1850 cle quand il voyait une jolie visiteuse. Que
1872 1854 2628 1890 se passait-il dans l'âme de ce singe, qui
1874 1894 2618 1930 n'avait pas de compagne? Nul ne le saura
1854 1934 2626 1968 jamais. Toujours est-il qu'il est gravement
1870 1974 2628 2010 malade : il a le scorbut. Mon ami, ne dis
1860 2014 2620 2050 pas que je m'occupe là de choses inutiles.
1856 2054 2626 2090 Michelet l'a dit : « Nous sommes tous frè¬
1866 2096 2618 2130 res. » About l'a dit : « L'homme n'est
1872 2134 2618 2170 qu'un sous-officier d'avenir dans l'armée
1880 2180 2624 2210 les singes. » Eh bien ! je le déclare, je
1856 2220 2628 2250 suis convaincu que cet abominable magot,
1872 2258 2620 2290 qui ressemblait d'ailleurs à un homme,
1856 2300 2636 2330 sauf qu'il avait la bouche un peu grande
1872 2340 2636 2370 (moins grande que « l'homme qui rit »), je
1858 2378 2634 2410 suis convaincu qu'il meurt, non point du
1872 2420 2620 2450 scorbut, mais d'un mal qu'il faut appeler
1864 2458 2620 2490 par son nom, l'amour ! Je veux qu'on lui
1856 2498 2632 2529 donne immédiatement une épouse. C'est le
1872 2538 2620 2572 seul moyen de l'acclimater. Guyot-Mont¬
1872 2578 2616 2610 payroux, oppose-toi à ce qu'on laisse pé¬
1868 2618 2632 2650 rir ce bel échantillon de ce qu'étaient nos
1864 2658 2636 2692 premiers pères. Interpelle, réclame : il
1868 2700 2616 2732 y va d'une vie, et même... de la morale.
2420 2668 2516 2818 RAOUL
1066 5464 1806 5498 Mon ami, je ne sais pas où nous allons.
1052 5502 1798 5538 Mais pour sûr il y a un souffle sur la
1076 5542 1810 5578 rance. Ce souffle s'est abattu sur le lycée
1056 5582 1802 5618 Louis le Grand. Il a alimenté l'incendie,
1064 5622 1812 5656 né au réfectoire. Un élève qui n'avait pas
1044 5661 1798 5698 dîné, s'étant plaint, le maître surveillant
1060 5702 1816 5738 lui a répondu : « J'ai dîné, moi. Qu'im¬
1060 5742 1810 5778 porte ? » De là une formidable insurrec¬
1056 5786 1148 5816 tion.
1054 5824 1802 5858 Quel poême ! « J'ai dîné, moi ! Qu'im¬
1076 5866 1808 5898 orte ? » Ce mot n'est pas une trouvaille :
1060 5906 1800 5938 c'est une parodie. « Vous n'avez pas de
1044 5946 1806 5982 pain ? Mangez de la brioche ! » — Je t’a¬
1046 5986 1812 6018 voue que ce surveillant, qui contrefait des
1058 6026 1812 6062 mots historiques, m'a rendu rêveur. Nous
1064 6066 1802 6102 de nous débarrasserons jamais des despo¬
1062 6106 1798 6140 tes : en France, la graine en est partout,
1056 6146 1804 6180 dans la cour proprement dite et dans la
1072 6186 1596 6222 jour du lycée Louis le Grand.
1396 6162 1456 6312 »
1068 6282 1806 6318 Un mot plus drôle m'a plongé cette se¬
1046 6326 1808 6358 maine dans une méditation laborieuse
1058 6366 1808 6398 Pendant la révision des pouvoirs, on ci¬
1072 6406 1820 6438 ait le fait de corruption électorale. Un
1060 6448 1812 6478 électeur, dont on marchandait la voix
1046 6486 1814 6520 pour quatre-vingts francs, a pris un air
1078 6526 1818 6560 autain, ce qui était bien naturel. Mais ce
1060 6566 1806 6602 qui me gâte cet incorruptible, c'est qu'il a
1058 6606 1818 6640 ajouté avec la majesté d'une âme blessée
1052 6646 1746 6682 dans ses convictions les plus chères :
1054 6686 1818 6720 — Quatre-vingts francs à moi! Dix
1050 6726 1810 6762 mille francs suffiraient à peiné!... Evi¬
1050 6766 1826 6801 demment cet électeur, qui sans doute
1054 6806 1814 6842 passe pour honnête homme, a été mal
1054 6846 1822 6882 élevé. Quand il a fait sa philosophie au col¬
1056 6890 1808 6920 lége, son professeur, après avoir défini le
1052 6930 1524 6966 conscience, aura ajouté :
2732 3554 3412 3706 CE QUI SE PASSE
2716 3668 3196 3822 Trois lignes dans l'officiel.
2692 3790 3448 3822 Malgré la prorogation du Corps légis¬
2684 3832 3444 3862 latif, l'Empereur recevra jeudi prochain
2692 3872 3160 3902 au palais de Saint-Cloud.
2708 3910 3440 3940 Rien de relatif à l'ancien et au nouveau
2696 3950 2888 3986 ministère.
3528 1066 4268 1102 l'hôpital de Versailles, des suites de son acci¬
3516 1102 4284 1136 dent, la gangrène étant survenue. Nous ve¬
3516 1138 3844 1168 nons de l'enterrer.
3550 1176 4278 1210 Les personnes qui l'ont soigné nous ont
3542 1210 4274 1242 éclare que si les soins réclames à Paris,
3532 1248 4268 1278 uarante-huit heures auparavant, n'avaient
3518 1200 5098 1358 pas été refusés, la guérison ne pouvait man¬ et Mme Judith Mendès pleure un
4316 1082 5096 1118 avec le signalement et la description au
4328 1122 5088 1158 collier indicateur, on promet une récom
4318 1164 5094 1198 pense honnête, et quelquefois l'animal re¬
4346 1239 5092 1279 Il n'en est pas de même des manuscrits
4334 1322 5104 1358 manuscrit qui ne portait pas de collier,
4342 1362 5098 1398 hélas ! et qui ne reprendra pas seul le
4354 1402 4906 1434 hemin de Neuilly, je le crains.
4362 1442 5098 1478 Ce manuscrit est la seconde partie d'un
4330 1482 5094 1516 roman persan qui allait passer à la Li¬
4332 1518 5090 1558 berté, à la suite du roman chinois le
4348 1562 5084 1594 Dragon impérial ; la jeune authoress se
4332 1598 5098 1638 rapprochait de l'Europe et allait peut-être
4344 1642 5090 1678 bientôt nous donner un roman parisien.
4338 1678 4620 1714 Espoir retardé !
4362 1720 5098 1758 Un de nos amis l'a rencontrée encore
4348 1758 4812 1794 tout émue de cette perte :
4366 1796 5090 1838 — Si on me rapporte cette seconde par¬
4344 1838 5094 1882 tie de mon roman, je promets à mon
4338 1880 5080 1920 bienfaiteur de lui offrir le manuscrit tout
4326 1920 5082 1958 entier avec une dédicace spéciale dès
4360 1960 4896 1994 ue l'impression en sera faite.
4368 1918 4946 2078 Voilà une récompense honnête !
3544 6906 4280 6942 On pleure la perte d'un kings-charles,
3538 6948 4274 6982 on l'affiche aux quatre coins de Paris,
2712 6474 3456 6510 Nous avons reçu hier la lettre qu'on va
2700 6514 3448 6554 lire. Dans la crainte qu'elle ne fût une fu¬
2710 6554 3456 6592 nèbre plaisanterie, nous avons immédia¬
2718 6594 3216 6632 ement envoyé à Versailles.
2732 6638 3446 6678 Malheureusement la lettre est vraie et
2724 6678 3462 6718 ous donne malheureusement aussi rai¬
2702 6718 3454 6758 son contre les affirmations des communi¬
2702 6758 3266 6796 qués qui nous ont été adressés.
2788 6734 2948 6888 Monsieur,
2704 6866 3460 6904 Le nommé Foucourt, au sujet duquel vous
2700 6902 3460 6938 avez reçu un communiqué inséré dans votre
2708 6938 3446 6978 numéro du jeudi 8 courant, vient de mourir à
3818 1362 4262 1394 L'un des parents du défunt.
3940 1402 4158 1438 TOURNERU.
3564 1372 4260 1526 P. S. — Vous pouvez publier cette lettre.
3518 1518 4276 1550 A cette lettre, dont nous sommes forcé
3518 1558 4272 1594 de supprimer quelques appréciations, bien
3520 1598 4264 1634 légitimes dans leur dureté, du moment
3508 1638 4264 1674 qu'elles émanent d'un parent de la victime,
3518 1678 4264 1714 nous ajouterons seulement que le malheu¬
3520 1718 4276 1754 reux Foucourt est mort dans des souffran¬
3516 1758 4264 1794 ces horribles causées par le tétanos et
3504 1798 3740 1834 presque fou.
3506 1840 4270 1874 Espérons que ce malheur servira au
3524 1878 4266 1914 noins de leçon pour les hôpitaux, qui re¬
3520 1918 4258 1954 fuseront désormais les blessés avec moins
3520 1962 3772 1992 d'inhumanité.
2696 4058 3444 4094 Hier, la 1re Chambre de la Cour impé¬
2700 4098 3442 4134 riale n'a pas été présidée par M. le pre¬
2692 4138 2976 4174 mier-résident.
2702 4178 3438 4214 Au moment de monter à l'audience, M
2706 4218 3444 4254 Gilardin a été mandé à Saint-Cloud, ainsi
2702 4258 3442 4294 que M. le procureur général Grandperret,
2692 4296 3180 4334 par ordre de l'Empereur.
2702 4339 3450 4374 Ils étaient de retour, l'un et l'autre, à
2700 4378 3228 4414 2 h. 1/2 au Palais de-Justice.
2694 4482 3446 4518 M. Pierre Lefranc et les délégués des
2690 4522 3458 4558 Pyrénées orientales venus à Paris pour
2702 4562 3446 4598 déposer contre l'élection de M. Justin Du
2702 4602 3442 4638 rand, voient leur mission ajournée par le
2692 4644 3452 4678 décret qui proroge la session extraordi
2712 4682 3152 4718 aire du Corps législatif.
2704 4724 3444 4758 Nous ne perdrons rien pour attendre,
2688 4764 3452 4798 et nous espérons au contraire que ce délai
2696 4804 3444 4838 permettra aux citoyens indépendants qui
2704 4842 3452 4878 se sont donné le soin de faire la lumière
2698 4884 3442 4918 sur la question, de compléter leur dos¬
2688 4926 2780 4956 sier.
2688 4968 3452 4998 On sait que le principal fait reproché à
2716 5006 3448 5042 élection Durand est une manœuvre gas¬
2704 5046 3454 5086 ronomique connue sous le nom de Ras¬
2688 5100 2748 5130 fe).
2702 5206 3438 5246 Ce mot, d'un patois tout local, a été
2686 5246 3450 5286 porté pour la première fois à la tribune
2706 5286 3446 5326 dans l'éloquente improvisation de M. Jules
2712 5334 2838 5370 imon.
2710 5370 3450 5406 Or personne mieux que M. Pierre Le¬
2702 5410 3442 5448 franc n'est à même de donner sur ce pro¬
2706 5450 3450 5488 cédé électoral des renseignements bien
2698 5494 2888 5530 complets.
2704 5530 3446 5568 On doit en effet à l'honorable rédacteur
2688 5570 3454 5610 en chef de l'Indépendant des Pyrénées, une
2708 5612 3442 5650 pes euse, ne le ser
2700 5654 3442 5690 électoral, et qui, publiée en janvier 1868, à
2704 5694 3450 5730 la fois chez Le Chevalier, à Paris, et chez
2692 5734 3458 5770 les frères Julia, à Perpignan, qualifiait,
2700 5774 3446 5810 comme il convient, ce genre de manœu¬
2696 5814 3444 5850 vre déjà employé pour les élections au
2692 5854 3452 5890 conseil général de M. Pereire et, croyons¬
2706 5894 3264 5932 nous, du même Justin Durand.
3060 5872 3100 6022 *
2696 6002 3456 6038 En attendant, M. Pierre Lefranc s'en va
2662 6042 3444 6078 voir statuer sur l'appel à minima interjeté
2678 6082 3456 6118 par le ministère public du jugement qui l'a
2666 6122 3460 6158 condamné à 15 jours de prison et 1,500 fr.
2668 6168 2896 6198 d'amende.
2708 6202 3460 6238 Le joli serait que, grâce à l'acharnement
2700 6242 3444 6278 du procureur impérial, M. Lefranc, en
2702 6282 3448 6320 prison au moment de la reprise de la vé¬
2690 6322 3442 6360 rification des pouvoirs, fût empêché d'ap¬
2708 6364 3230 6402 porter à Paris sa protestation.
3524 2078 4280 2114 Dans un groupe politiquant on parlait,
3516 2118 4264 2154 devant un satisfait à parti pris, de la petite
3508 2158 4264 2194 insurrection d'estomacs peu satisfaits du
3516 2198 4264 2234 collège Louis-le-Grand et de la sévérité
3520 2238 4264 2274 léployée par l'autorité universitaire dans
3524 2278 3852 2314 ette circonstance.
3530 2318 4266 2352 « En pareille circonstance, interrompit
3516 2358 4276 2392 « le partisan de la volonté personnelle,
3516 2398 4276 2432 « Napoléon 1er eût fait empoigner toute la
3518 2438 4266 2472 « grande division du collége Louis-le-Grand
3508 2478 4274 2512 « et l'eût incorporée dans une compagnie
3508 2518 4256 2550 « de discipline de l'Algérie. Vous voyez
3518 2558 4262 2592 « que le gouvernement use de son pouvoir
3516 2598 3904 2628 « avec modération. »
3512 2638 4272 2670 Comment trouvez-vous l'argument de ce
3516 2678 4188 2714 défenseur de la volonté personnelle ?
3504 2791 4260 2822 On se demande, non sans rire, pourquoi,
3524 2830 4260 2860 lans sa réplique à M. L. de Guiraud, M.
3516 2870 4268 2901 Isaac Pereire n'appelle constamment son
3504 2912 4256 2942 honorable adversaire que M. Guiraud tout
3512 2950 3632 2981 court.
3532 2990 4260 3020 Est-ce que cette particule offenserait le
3504 3032 4260 3062 radicalisme de M. Pereire? D'ailleurs M.
3516 3072 4260 3102 de Guiraud a fort galamment pris son
3516 3110 4192 3142 parti de ce singulier sacrifice d'Isaac.
3514 3226 4264 3262 Mme la princesse Souwarow a été fort
3510 3266 4264 3302 souffrante ces jours derniers, mais elle est
3512 3306 3930 3338 heureusement rétablie.
3514 3348 4268 3382 La grande dame moscovite est depuis
3526 3388 4274 3422 quelques jours à Bade, où l'élégance de
3512 3426 4272 3462 ses toilettes est, comme toujours, fort re¬
3524 3468 3676 3502 marquée.
3522 3508 4264 3544 La princesse va mettre à la mode une
3512 3546 4264 3584 duchesse de Chevreuse, avec chapeau à
3506 3590 4274 3626 plumes, robe courte, canne longue, et
3520 3632 4056 3662 bottes.... pas à la Souwarow.
3518 3742 4252 3778 Un lecteur nous écrit que l'une des qua
3526 3782 4276 3820 tre-vingt-trois réductions de la Bastille par
3514 3822 4272 3860 Palloy, dont nous parlions hier, se trouvait,
3514 3862 4276 3900 en 1850, au petit musée de la Bibliothèque
3532 3902 3688 3932 l'Amiens.
3548 3940 4274 3982 — Voyez, nasillait un invalide-cicerone
3514 3982 4266 4022 officiel, voyez cette précieuse relique de
3514 4022 4254 4062 la liberté asservie par l'ancien régime e
3510 4062 4262 4102 reconquise par le sang généreux de la na¬
3528 4102 3616 4132 tion
3546 4142 4262 4190 Aujourd'hui Amiens possède un musée
3518 4184 4266 4230 splendide. L'édilité de cette ville y a-t-elle
3514 4224 4272 4270 fait transporter ce fac-simile curieux ?
3524 4268 3820 4298 Nous l'ignorons.
3524 4306 4276 4350 En tout cas, nous voudrions bien savoir
3524 4346 4264 4392 ce que sont devenus les autres modèles de
3518 4386 3642 4422 Palloy.
3526 4506 4272 4542 Mme la duchesse d'Alençon, qui vient
3522 4546 4280 4584 d'accoucher d'une fille, à Bushy-House,
3510 4586 4278 4622 près de Hampton-Court, est la sœur de
3518 4626 4278 4662 l'Impératrice d'Autriche, de la reine Marie¬
3530 4666 4284 4702 Sophie des Deux-Siciles, de la princesse
3522 4706 4280 4742 de Trani, de la princesse Max de Tour et
3526 4746 4274 4782 Taxis et du duc Charles Théodore de Baviè¬
3510 4786 4282 4822 re, marié à la princesse Sophie de Saxe, fille
3520 4828 3740 4858 du roi Jean.
3530 4857 4282 4906 Leur frère aîné, le duc Louis de Ba¬
3506 4906 4270 4942 vière, major-général de cavalerie, a re¬
3506 4946 4266 4982 noncé à son droit de succession dans le
3506 4986 4278 5022 majorat de la ligne ducale de Deux-Ponts-
3506 5026 4270 5062 Birkenfeld, pour épouser morganatique¬
3522 5057 4282 5106 ment la baronne Henriette de Wallersée.
3538 5103 4278 5147 Le duc d'Alençon, fils puîné du duc de
3522 5146 4262 5186 Nemours, était, avant la révolution, capi¬
3510 5186 4270 5226 taine dans un régiment d'artillerie espa¬
3518 5226 4280 5266 gnol. Son frère aîné est le comte d'Eu qui
3538 5268 4264 5306 ommande en chef les troupes brésilien¬
3522 5310 4254 5346 nes, dans la guerre contre le Paraguay.
3536 5430 4264 5462 On annonce le mariage du vicomte de
3536 5472 4268 5502 faistre, officier d'état-major dans l'ar¬
3524 5512 4280 5542 mée pontificale, petit-fils de l'illustre au¬
3536 5552 4272 5582 eur des Soirées de Saint-Pétersbourg, avec
3512 5590 4264 5622 Mlle Henriette de Lamoricière, fille du
3514 5630 4270 5666 feu général en chef de l'armée romaine, et
3516 5670 3904 5702 de Mlle d'Auberville.
3534 5710 4262 5746 La famille de Maistre est originaire du
3530 5752 4264 5786 Languedoc, et a donné des capitouls à
3540 5792 4276 5826 oulouse dès le commencement du qua¬
3540 5836 3788 5866 orzième siècle.
3528 5874 4264 5904 Pierre de Maistre, en 1590, leva un régi¬
3520 5914 4272 5946 ment à ses frais pour servir Henri IV et
3524 5956 4260 5986 mourut maréchal des camps et armées du
3524 5994 4268 6028 roi. Antoine de Maistre était également
3524 6034 4276 6068 maréchal des camps et armées sous
3536 6076 3716 6106 Louis XIII.
3536 6116 4264 6146 Un de Maistre fut fait chevalier de Saint-
3528 6156 4272 6186 Louis par Louis XV, pour faits de bra¬
3518 6194 4274 6230 voure, sur le champ de bataille même de
3528 6236 3868 6266 Fontenoy, en 1745.
3532 6274 4268 6306 Cette famille a fait branche en Poitou
3526 6314 4276 6350 et en Savoie, et c'est, comme on sait, à
3540 6358 4264 6390 ette dernière branche qu'appartenaient les
3520 6398 4192 6428 comtes Joseph et Xavier de Maistre.
4356 2130 5092 2172 Un journal s'étonnait hier de ne pas
4330 2168 5098 2214 voir figurer le buste de Halévy au nouvel
4344 2212 4458 2242 Opéra.
4346 2248 5096 2292 Nous pourrions, si elle le désirait, in¬
4356 2290 5092 2332 liquer à l'administration du ministère
4340 2330 5100 2372 d'Etat, chez quel marchand de bric à-brac
4336 2370 5090 2414 se trouve le buste unique — inédit — du
4336 2410 5086 2454 grand compositeur, signé de Mme Halévy.
4348 2522 5082 2570 On a beaucoup parlé, depuis quelque
4324 2562 5094 2606 temps, des deux groupes allégoriques re¬
4316 2602 5094 2650 présentant la Guerre et la Paix, qui se
4324 2642 5094 2690 trouvent au-dessous de la statue de l'Em¬
4328 2682 5098 2730 pereur, au nouveau guichet des Tuileries.
4352 2718 5094 2772 Mais personne, que je sache, n'a re¬
4330 2764 5082 2810 marqué le détail le plus amusant. C'est
4336 2802 5100 2852 que l'Empereur, qui est représenté de
4350 2844 5092 2892 rofil, se tourne du côté de... la guerre !
4388 2802 4770 2962 eraite un symbole
4328 3006 5106 3058 Savez-vous comment M. Schneider ap¬
4346 3048 4946 3094 elle M. le baron Jérôme Davide.
4346 3088 4786 3126 Le grand-croix David !
4350 3128 5098 3182 Cela rappelle vaguement le grand roi,
4334 3168 5090 3222 père de Salomon et épanouit chaque fois
4322 3208 5090 3258 la physionomie grave de l'honorable pré¬
4328 3246 4746 3286 sident des honorables.
4354 3290 5098 3342 La vengeance est le plaisir des dieux et
4338 3328 5098 3382 des hommes ; mais celle-ci n'est pas bien
4356 3372 4484 3402 errible.
4362 3488 5074 3542 — Tu sais bien, la petite Chose... ell
4336 3530 4826 3574 vient d'épouser un notaire.
4366 3488 4656 3648 — Pas possible !
4382 3528 4998 3702 — Son mari est un vrai agneau...
4356 3646 5078 3706 — Oui, l'agneau qui efface les péchés d
4352 3690 4476 3722 nonde !
4792 3688 4988 3838 UN DOMINO
4380 3874 5062 4042 L'HOPITAL EN PLEIN VENT
4344 4074 5102 4122 Nous blâmions ces jours derniers l'As¬
4332 4114 5108 4164 sistance publique de sa dureté et de son
4338 4156 5114 4202 imprévoyance, ce qui nous valut un com¬
4352 4194 5098 4242 muniqué; aujourd'hui nous sommes heu¬
4340 4234 5108 4284 reux d'être les premiers à la féliciter d'une
4336 4274 4766 4314 innovation intelligente.
4354 4316 5102 4366 On a inauguré hier, dans un pré dépen¬
4332 4358 5096 4408 dant de l'hôpital Cochin, un service de
4352 4398 5098 4450 chirurgie dont le système est appele à faire
4330 4438 4718 4474 sensation en France.
4350 4478 5114 4530 Au lieu d'être entassés dans de grandes
4340 4518 5106 4566 salles, où malgré la ventilation et la pro¬
4348 4558 5118 4610 preté, l'air est toujours vicié, les malades
4340 4598 5110 4650 sont largement espacés sous une tente.
4332 4638 5114 4690 bien aérée et bien fraîche ; la températrire
4340 4678 5118 4730 actuelle leur fait sentir tout le prix de
4340 4718 4676 4754 cette amélioration.
4364 4758 5114 4810 Sur un sol bétonné, recouvert de sable
4344 4798 5114 4850 de rivière, s'élève une tente longue de 20
4348 4838 5106 4890 mètres et large de 7 ; elle a 7 mètres de
4348 4878 4854 4918 haut et peut contenir 20 lits.
4352 4918 5094 4970 Elle est formée de deux enveloppes de
4344 4958 5118 5010 coton, l'une blanche, l'autre imperméabi¬
4332 4998 5106 5050 lisée ; les bords de cette dernière se relè¬
4340 5038 5114 5090 vent tout autour et forment un promenoir
4332 5078 5112 5132 couvert qui laisse arriver l'air au malade.
4348 5118 5110 5170 La superposition des deux étoffes consti¬
4332 5158 5118 5214 tue un plafond dans le barit et complète
4332 5198 4638 5238 ainsi l'aération.
4350 5242 5114 5290 A l'entrée se dressent deux petites ten¬
4342 5282 5102 5334 tes de 5 mètres sur 4, l'une pour les opé¬
4332 5322 5118 5374 rations chirurgicales, l'autre pour l'infir¬
4344 5362 5118 5414 mier et ses médicaments. Deux ou trois
4340 5402 5110 5454 fois par jour, des tuyaux d'arrosement
4328 5444 5110 5494 projettent une pluie d'eau sur la toile et
4342 5484 5110 5534 augmentent ainsi la fraîcheur. Il n'entre
4338 5524 5102 5578 dans cette construction que de la toile,
4330 5564 5118 5618 du bois, et quelques boulons de fer ; en
4344 5606 5110 5658 peu de temps on peut plier, transporter
4336 5646 4740 5686 et remonter tout cela.
4344 5686 5106 5742 Avec ce système on évite les grandes
4340 5730 5108 5780 agglomérations de malades et les suites
4348 5686 4520 5842 l'opération
4344 5890 5086 5942 fection purulente, etc., etc., deviennent
4334 5930 4832 5970 dès lors moins redoutables.
4360 5970 5106 6026 L'évacuation des blessés et des amputés
4340 6010 5102 6066 sur des hôpitaux éloignés du champ de
4344 6050 5120 6102 bataille est une cause effrayante de mor¬
4342 6090 5106 6146 talité. « Il faut, dit le docteur Léon Lefor
4352 6130 5112 6188 que l'hôpital aille au malade et non le pa¬
4354 6170 4646 6206 ade à l'hôpital. »
4354 6208 5124 6276 Avec deux cents petites tentes, comme
4334 6248 4510 6286 celle dont
4546 6270 5130 6318 tous avons parlé plus haut, on
4344 6288 4468 6322 peut, en
4446 6310 5128 6356 les unissant par les bords, établir
4340 6328 4380 6358 en
4394 6350 5118 6394 très peu de temps un hôpital très con¬
4334 6390 5118 6438 fortable où les soldats recevront, peu de¬
4342 6430 5126 6478 temps après avoir été blessés, des secours
4348 6470 5114 6518 qu'avec les moyens actuels ils ne trouvent
4342 6510 5122 6558 souvent qu'à six lieues du combat, après
4348 6550 5114 6598 avoir été cahotés pêle-mêle dans des cha¬
4346 6590 4712 6626 riots non-suspendus.
4372 6630 5110 6688 La médecine civile peut avoir à mettre
4354 6672 5110 6726 à profit les avantages de cette innova¬
4370 6712 4430 6746 ion.
4374 6754 5114 6816 Supposons que les émeutes du mois
4354 6794 5114 6856 dernier eussent eu le triste déproment de
4346 6834 5126 6896 celles d'il y a vingt ans : les blessés af¬
4350 6874 5114 6934 fluent, les hôpitaux regorgent, la chaleur
4350 6914 5110 6974 rend les plaies douloureuses et infectes
4344 6954 4662 6990 le choléra éclate
3548 6490 3866 6526 Les membres-fon
3884 6510 4284 6542 ateurs du Hunting-
3534 6522 3776 6566 Club se sont
3726 6550 4282 6586 reunis, il y a trois jours, en
3530 6562 3554 6592 ON
3520 6586 4286 6626 essemblée générale sous la présidence du
3520 6626 3874 6662 marquis de Nicolaï.
3538 6668 4286 6706 Ce club de chasseurs jure de combattre
3518 6710 4278 6746 le braconnage par tous les moyens légaux
3542 6750 4284 6786 t d'arrêter en France l'effrayante dépo¬
3536 6790 3888 6822 pulation du gibier.
