5285 7362
2226 26 3036 182 LE GAULOIS — JEUDI 15 JUILLET 1869
190 202 942 238 nistère dans lequel je ne suis pas encore,
200 238 850 274 mais hors duquel est déjà M. Rouher.
190 334 960 370 Quand M. Schneider a lu la disposition du
190 370 960 406 décret de prorogation qui charge le ministre
190 406 958 442 d'Etat de l'exécution, M. Guyot Montpayroux
208 442 300 472 crié :
198 476 956 512 — Mais il n'y en a plus, de ministre
184 514 312 544 d'Etat.
834 626 950 660 Feyr-
832 672 936 702 de la
836 708 952 742 la ses¬
182 626 800 660 Mon docte confrère du Temps,X.
192 666 806 702 net, n'a pu échapper aux mots
194 706 810 742 Chambre. Voici le mot de la fin de
192 746 280 778 sion :
186 796 934 830 — Cette prorogation du Corps législatif doit
188 830 942 866 bien vous contrarier, disait quelqu'un à un
188 866 948 902 officiel qui est au nombre des cinquante-cinq
182 902 938 936 non vérifiés. Cette incertitude est insuppor¬
184 938 288 970 table ?
190 972 946 1006 — Mais non, répondait philosophiquement
188 1012 932 1042 la victime du décret ; mais non, je vous as¬
192 1048 940 1078 ure, par la chaleur qu'il fait, il n'est pas du
172 1082 928 1115 tout désagréable de rester le bec dans l'eau.
548 1068 576 1220 *
180 1114 544 1270 Un écho du Siècle :
180 1244 940 1274 Une dame étrangère, en passant place de
172 1278 928 1310 a Bourse, eut peur des cris affreux qu'on en¬
184 1312 906 1346 tend s'échapper du temple de la fortune.
186 1346 934 1382 — Ecoutez, dit-elle au monsieur qui lui
186 1382 926 1414 donnait le bras, on s'assassine dans cette
186 1418 940 1452 maison. Fuyons, on va nous demander la
180 1456 472 1486 bourse ou la vie.
192 1490 930 1526 — Ne craignez rien pour la vie, madame,
188 1526 680 1558 ce ne sont pas des assassins.
180 1646 924 1678 Ne laissons pas ignorer à notre lecteur
172 1686 936 1718 périgourdin Aurélie 1er le moyen de con¬
180 1726 924 1756 quérir, au moyen de quelque menue mon¬
180 1768 928 1798 naie, un trône nouveau, et peut être plus
172 1806 512 1836 solide que l'ancien
176 1846 934 1878 Le Moniteur se fait l'écho de cette nou¬
172 1884 480 1918 velle palpitante :
172 1938 934 1974 L'office colonial d'Angleterre met aux en¬
168 1974 922 2010 chères pour vingt ans la souveraineté sur
158 2010 924 2042 l'ile d'Aukland (à 180. milles de la Nouvelle-
156 2046 920 2080 Zélande) ; elle est deux fois plus grande que
154 2082 928 2116 l'ile de Wight ; il s'y trouve des montagnes,
166 2116 926 2150 des rivières, des forêts, un sol des plus fer¬
158 2152 924 2186 tiles ; le climat est délicieux, il n'y a pas un
166 2188 936 2222 indigène. Selon le cahier des charges, l'ad¬
166 2224 932 2260 judicataire, qui aura tous les droits d'un
172 2260 924 2294 prince régnant, doit amener au moins une
178 2294 930 2330 inquantaine d'ouvriers et agriculteurs, et
166 2330 922 2366 avoir un petit steamer pour les communica¬
176 2366 710 2402 tions avec la Nouvelle-Zélande.
524 2356 584 2506 ★ ★
172 2480 924 2514 Grâce à la légèreté d'un huisser (0 anti¬
168 2520 936 2554 thèse! 6 bouleversement des choses !) et
150 2560 930 2594 moyennant une modeste caution de cinq
166 2598 938 2634 mille francs, deux « mazassiens » ont revu
164 2638 932 2674 la lumière du jour et des kiosques du bou¬
158 2678 938 2714 levard. Cette suprême félicité est encore
162 2718 934 2754 refusée à d'autres journalistes qui atten¬
166 2760 918 2794 dent, depuis, qu'un deuxième huissier se
164 2800 936 2834 trompe : faut-il l'espérer pour eux ? Je
164 2840 932 2874 crois qu'un huissier averti en vaut quatre.
172 2880 932 2914 Ne soyons donc pas étonnés le jour où
180 2920 916 2954 tous liron : dans une feuille judiciaire ce
156 2960 928 2994 compte rendu d'un complot en trois actes
170 2998 916 3036 premier acte : le boulevard ; deuxième
168 3040 920 3074 acte : Mazas ; troisième acte : le jugement),
154 3082 918 3116 tel que le résume Lockroy dans le Bap¬
154 3126 242 3156 pel :
164 3176 920 3210 A l'ouverture de l'audience, M. le procu¬
162 3210 680 3246 reur impérial s'exprime ainsis.
198 3182 662 3340 M. LE PROCUREUR IMPÉRIAL.
222 3310 804 3346 L'aut jour en revenant d'Meudon,
226 3346 592 3382 Une jeune Polonaise
224 3382 724 3418 D'mandait à un jeune garçon
224 3418 720 3454 Quel chemin mène à Falaise !
184 3398 912 3550 On passe ensuite à l'audition des témoins.
196 3450 672 3602 UN TÉMOIN. — C'est, je crois,
432 3482 660 3638 Par le bois ;
392 3524 868 3674 Nous y cueillerons la fraise !
164 3654 908 3688 Le tribunal, s'étant retiré dans la salle des
164 3690 786 3726 délibérations, a rendu l'arrêt suivant
290 3660 562 3814 V'là l'printemps.
276 3700 560 3850 C'est l'moment
264 3734 816 3886 De s'donner un peu d'agrément !
170 3870 906 3904 Le chœur : « Les acccusés sont condam¬
138 3910 586 3946 nés à l'acquittement. »
1026 208 1774 242 core qu'à l'ordinaire, ses rides plus accen¬
1030 250 1776 282 tuées. Sa pâleur faisait ressortir les poin¬
1016 286 1764 322 tes que dessinaient sur son front ses che¬
1018 328 1762 362 veux taillés en brosse. Ses yeux se voi¬
1036 370 1768 402 aient à demi sous ses paupières. Cepen¬
1012 408 1774 442 dant il était calme, seulement il mordillait
1018 448 1768 482 avec persistance les longs poils de son
1022 486 1378 520 épaisse moustache.
1042 528 1768 566 — Vous êtes M. Charles Dautun, lui de¬
1008 570 1294 606 manda le juge.
1038 610 1758 646 — Oui, monsieur, répondit-il d'une voix
1024 650 1756 686 ferme et ne trahissant pas la moindre émo¬
1008 690 1104 720 tion.
1028 734 1766 770 Le juge d'instruction lui jeta un coup
998 774 1756 808 d'œil calme ; et, prenant le temps de l'exa¬
998 814 1750 850 miner plus longuement, il demanda à M.
1020 854 1754 890 Brison de lui donner les détails qu'il pou¬
1004 896 1268 926 vait connaître.
1024 938 1762 974 M. Brison, dont l'épine dorsale semblait
1024 978 1762 1014 nimée par un ressort infatigable, s'inclina
1004 1018 1754 1054 de nouveau, et, s'installant carrément sur
1010 1058 1762 1094 ses jambes à demi écartées, se prépara à
1012 1098 1316 1132 faire un discours.
1034 1142 1752 1178 — Soyez bref, dit le juge, qui avait de¬
1008 1182 1092 1212 viné.
1048 1226 1754 1262 — Voilà, monsieur le juge. Feu Auguste
986 1268 1760 1302 Dautun était mon locataire depuis bientôt
968 1310 1758 1342 un an ; car, c'est moi, monsieur le juge,
988 1348 1750 1382 qui suis propriétaire de la maison. Feu
986 1386 1762 1422 Auguste Dautun était d'ailleurs un très
978 1428 1766 1462 bon locataire, et je n'en ai jamais reçu de
972 1466 1750 1502 plaintes. Il payait régulièrement comme
980 1506 1766 1542 tout honnête homme doit le faire. Donc,
962 1548 1762 1582 ce matin, monsieur ici présent, et qui est
958 1586 1758 1622 son frère, est venu dans mon autre mai-
982 1626 1764 1662 son me demander des nouvelles de son
970 1666 1762 1702 frère. Je lui ai appris sa disparition, et il
978 1706 1762 1742 pense se rappeler que son frère doit être
972 1746 1752 1782 en ce moment à la campagne, chez un pa¬
968 1786 1768 1822 rent. Comme les meubles sont enlevés et
988 1826 1764 1862 que le terme courant m'est dû, que même
986 1868 1762 1902 je n'ai pas la clef du logement, j'ai cru
1846 214 2586 250 juge. Mais ce n'est pas tout. Venez avec
1828 254 1916 285 moi.
1862 298 2588 334 Il lui prit le bras, et tous deux sortirent
1826 338 2588 372 de la chambre suivis de M. Brison qui s'é¬
1826 378 2588 414 tait incliné pour les laisser passer en
1828 416 1952 450 avant.
1872 462 2580 498 — Donnez-moi la main, continua le
1834 502 2364 538 juge, car il fait très sombre...
1852 546 2584 582 Il ouvrit brusquement la porte de la
1852 586 2596 622 hambre du meartre, y entra vivement en
1820 626 2344 662 entraînant Dautun après lui.
1848 670 2596 706 Volets et rideaux avaient été refermés.
1832 710 2590 746 Seulement un filet de lumière avait été
1836 750 2590 786 ménagé, tombant d'aplomb sur le buste
1820 790 2594 826 placé sur la cheminée et donnant à ce
1820 835 2364 866 plâtre mort un bizarre relief.
1834 876 2576 910 Le juge n'avait pas quitté la main de
1840 914 2582 950 Charles. D'un mouvement brusque, il
1836 954 2574 990 écarta les rideaux et les volets, et regar¬
1832 994 2574 1030 dant Dautun dans les yeux, il lâcha sa
1832 1034 2352 1070 main et dit d'une voix grave.
1832 1078 2586 1118 — Monsieur Charles Dautun, au nom de
1836 1118 2220 1154 la loi, je vous arrête.
2216 1102 2528 1254 E. D'HERBINVILLE,
1908 1144 2212 1294 La suite à demain.
320 6326 736 6482 CAUSES JUDICIAIRES
192 6428 884 6594 LES ASSASSINS DU 113
248 6558 816 6722 (Saïnclair et Dautun)
344 6730 694 6890 CHARLES DAUTUN.
152 6856 912 6908 L'homme qui accompagnait M. Brison
150 6902 640 6946 était bien Charles Dautun.
174 6942 902 6992 Ses traits semblaient plus creusés en¬
1016 1910 1748 1940 levoir, pour monsieur, donner ce rensei¬
996 1950 1400 1982 gnement à la justice.
1020 1990 1744 2022 Et ayant dit, le propriétaire s'inclina de
1020 2030 1334 2062 ouveau et se tut.
1000 2070 1742 2110 — Tout cela est exact? demanda le juge
1020 2116 1188 2146 Dautun.
1036 2078 1276 2228 — Très exact.
1006 2200 1738 2238 — Pourquoi, permettez-moi cette ques¬
1006 2242 1740 2278 tion, alliez-vous chez monsieur cherchen
1018 2282 1746 2318 es renseignements sur votre frère, au lieu
998 2322 1752 2358 de vous adresser directement dans la mai¬
998 2362 1748 2398 son où nous nous trouvons maintenant ?
1002 2406 1636 2442 Dautun hésita un moment, puis
1016 2450 1740 2488 — Parce que, Monsieur, je n'étais pas
1004 2492 1748 2528 bien avec lui, et que je voulais savoir,
984 2530 1752 2566 avant de me présenter chez lui, s'il était
988 2574 1312 2604 en bonne santé...
1014 2616 1738 2654 — Monsieur Brison, dit le juge, vous
992 2658 1734 2694 n'avez donc pas fait connaître à monsieur
984 2698 1352 2730 le fatal événement ?
1014 2740 1734 2778 — Je n'aurais pas pris cette liberté,
980 2784 1752 2814 monsieur le juge, répondit le digne pro¬
984 2822 1736 2856 priétaire avec une nouvelle salutation,
1004 2862 1738 2898 l'autant que, ne l'ayant appris moi-même
996 2902 1734 2938 que quelques minutes avant son arrivée,
996 2944 1636 2974 eusse craint de l'induire en erreur.
1012 2982 1740 3018 — Votre frère a été assassiné, dit brus¬
984 3028 1476 3058 quement le juge à Dautun.
1006 3066 1718 3107 — Assassiné ! fit Charles en joignant le
1000 3110 1124 3143 mains.
1014 3148 1734 3186 — Et coupé par morceaux. On a déva¬
980 3192 1642 3226 lisé sa chambre, enlevé les meubles.
1004 3234 1746 3274 Dautun s'appuya sur une chaise, le front
994 3278 1734 3314 inondé de gouttes de sueur et s'assit com¬
982 3318 1654 3354 me par un mouvement automatique.
994 3358 1740 3394 Le juge, après avoir attendu inutile¬
998 3318 1510 3474 ment une réponse, continua :
1012 3438 1720 3478 — Il y a longtemps que vous n'êtes ve
976 3484 1368 3514 nu chez votre frère ?
1034 3444 1378 3602 — Oui, monsieur...
1014 3488 1636 3646 — Combien de temps à peu près ?
1016 3534 1408 3690 — Deux ou trois mois.
1004 3658 1744 3698 — Vous avez dit que vous n'étiez pas
992 3704 1348 3734 très-bien avec lui...
1006 3742 1742 3782 — Parce que je lui avais souvent em¬
994 3786 1748 3822 prunté de l'argent et que je me trouvais
984 3826 1640 3862 dans l'impossibilité de le lui rendre.
1002 3868 1736 3906 — Mais votre brouille n'avait rien de sé¬
1004 3910 1108 3940 ieux ?
1016 3874 1252 4030 — Oh ! rien.
1000 3998 1738 4034 — Vous aimiez beaucoup votre frère? et
996 4042 1740 4076 e juge appuya singulièrement sur le mot
972 4084 1152 4114 beaucoup.
1028 4048 1348 4198 — Oui, monsieur.
1010 4090 1690 4244 — Et vous êtes désespéré de sa mort
1002 4134 1458 4290 — Désespéré est le mot.
1000 4258 1748 4294 Charles Dautun semblait répondre
970 4300 1748 4334 plutôt par un effort mécanique que par
966 4342 1730 4374 élan de cœur. Sa voix n'était qu'un écho
988 4384 1744 4414 le celle du juge, qui restait toujours im¬
980 4422 1136 4454 passible.
998 4468 1748 4502 — Votre frère, reprit-il, avait-il, à votre
974 4510 1554 4546 connaissance, quelque ennemi?
1020 4476 1396 4626 — Non, que je sache.
994 4596 1732 4634 — Vous semblez désirer connaître les
976 4638 1730 4674 détails de sa mort, dit alors le juge qui,
970 4682 1744 4714 malgré son calme, ne put, en ce moment,
974 4722 1726 4754 enlever à son accent une certaine ironie.
962 4760 1742 4794 Veuillez, continua-t-il en s'adressant à M.
968 4802 1732 4834 Brison, veuillez me procurer un couteau,
964 4844 1488 4874 un peu grand, n'est-ce pas?
1004 4888 1728 4918 M. Brison, stupéfait et heureux de cette
968 4928 1736 4958 marque exceptionnelle de confiance, com¬
968 4968 1728 4998 prenant qu'il était élevé tout à coup à la
984 5008 1728 5038 hauteur d'auxiliaire de la justice, se courba
980 5048 1724 5078 si brusquement que son dos en craqua, et
988 5086 1732 5116 c'est avec peine, tant était grande son
974 5126 1740 5160 émotion, qu'il put trouver la porte pour
984 5168 1432 5198 s'élancer dans l'escalier.
978 5210 1732 5244 Pendant cette pantomime, le juge avait
992 5250 1740 5282 rononcé quelques mots bas à l'oreille de
984 5290 1568 5322 son greffier qui sortit à son tour.
986 5334 1732 5366 Et le juge se mit à lire les premières
978 5374 1728 5408 pièces de l'information, en tournant le dos
968 5418 1728 5450 à Dautun qu'il examinait dans une glace
970 5460 1356 5490 située en face de lui.
1006 5504 1728 5538 Quant à Charles Dautun, il semblait
982 5544 1730 5578 qu'il ne prit aucune part à ce qui se par¬
972 5584 1732 5618 sait autour de lui. Il était calme, presque
990 5624 1740 5658 ndifférent, les yeux à demi fermes, il at¬
974 5661 1728 5699 tendait la suite de cette pénible scène. Et
984 5627 1732 5778 M. Blandin se demandait si c'était bien là
972 5748 1728 5778 l'aititude d'un frère apprenant que son
972 5786 1744 5818 frère a été victime d'un herrible attentat.
996 5826 1728 5858 M. Brison rentrait au me de instant, ap¬
982 5866 1730 5898 portant un long contenu de cuisine qu'il
986 5906 1742 5938 présenta délicatement au juge par la
970 5946 1654 5980 pointe, en s'inclinant, bien entendu.
1002 5990 1730 6026 Le juge prit l'arme, et faisant le tour
988 6034 1652 6066 de la table, se rapprocha de Dautun.
1024 5994 1710 6150 — Tenez, monsieur, dit-il, voici com
972 6038 1486 6194 ment le crime a été commis.
986 6166 1736 6198 Et il lui plaça la pointe du couteau à la
982 6206 1378 6240 gorge et à la poitrine.
1002 6254 1726 6286 — Puis le misérable ou les misérables,
982 6294 1736 6326 car peut-être y a-t-il eu plusieurs assas¬
980 6334 1736 6368 sins, ont coupé le corps ainsi, aux cuis¬
982 6374 1730 6410 ses !... Et il passa le dos du couteau sur la
974 6416 1744 6450 jambe de Dautun. Cette jambe se détendit
980 6458 1408 6490 comme par un ressort.
1018 6420 1262 6574 — Et au cou...
1008 6552 1732 6582 Le froid du fer que le juge lui appliqua
1000 6592 1728 6622 ur le cou sembla lui produire une telle
986 6630 1742 6666 impression, qu'il se leva d'un seul bond,
998 6670 1728 6706 t qu'un cri étranglé sortit de sa poi¬
976 6714 1072 6744 trine.
1020 6674 1228 6830 — Ah ! fit-il.
988 6810 1732 6842 Et il retomba sur la chaise comme une
980 6850 1744 6880 masse inerte, le cou tendu et l'œil fixé
988 6890 1204 6922 sur la lame.
1024 6854 1734 7010 — Votre émotion est naturelle, dit le
1890 1314 2542 1470 LES MOTS DE
2012 1444 2396 1594 NOUBELS A LA MAIN
1842 1573 2582 1614 « Voici d'abord ce qu'on peut lire
1816 1618 2572 1654 dans un journal favorable à ce député ; je
1836 1658 2208 1694 opie textuellement :
1846 1712 2578 1750 Monsieur Noubel l'a emporté, enfin ! mais
1820 1750 2584 1790 il n'a rien dédaigné pour plaire à ses élec¬
1836 1792 1912 1822 eurs.
1822 1832 2576 1870 On l'a vu, monté sur son bidet, courir les
1820 1870 2574 1910 foires de canton, afin de se rendre compte
1818 1912 2572 1950 des petits besoins de la population. Partout où
1824 1954 2588 1990 il passait, il laissait une trace, bienfait ou
1812 1994 2572 2030 enseignement, prouvant à tous qu'il était
1812 2034 2588 2070 versé dans la matière économique, et qu'il
1818 2072 2572 2110 saurait purger le pays des fausses doctrines
1824 2114 2580 2150 et des lieux communs socialistes avec lesquels
1840 2158 2340 2194 n veut faire aller la France...
1842 2226 2570 2258 « « On n'a jamais vu clair dans l'élec¬
1832 2262 2584 2298 ion de M. Noubel, disait hier, dans les
1806 2300 2468 2338 couloirs, un irréconciliable taquin.
1834 2340 2570 2382 — Ce ne sont pourtant pas les lunettes qui
1820 2382 2566 2422 ont manqué à ses électeurs, fit M. Rouher en
1812 2422 2256 2458 veine de gaieté gauloise.
1838 2486 2572 2522 « « Je ne sais pas comment ce diable de
1804 2522 2560 2562 Noubela fait pour se tirer d'affaire, s'écriait
1804 2562 2576 2602 dix pas plus loin un député très balloté; il
1804 2602 2564 2642 avait contre lui deux concurrents énergi¬
1824 2642 1936 2672 ques...
1834 2684 2568 2724 — Mon Dieu, dit Ernest Picard, il s'en est
1826 2724 2572 2764 iré à la façon de Louis XI : il a employé le
1812 2764 2112 2798 système diviseur.
1810 2800 2580 2842 — Méfiez-vous de Noubel, fit alors un
1808 2838 2580 2878 journaliste de ses amis, c'est le Talleyrand
1832 2880 2004 2910 le l'avenir.
1810 2916 2562 2958 — Oh ! dit un sceptique, c'est peut-être
1804 2960 2068 2990 beaucoup dire !
1816 2996 2564 3038 — Ne sentez-vous pas, souligna le journa¬
1816 3038 2578 3078 liste, que Noubel est un homme de cabi¬
1804 3080 1912 3110 nets !
1856 3070 1884 3220 a
1936 3066 2244 3222 Ou même tonneau.
1828 3198 2576 3240 — Une élection qui ne sera pas contestée
1812 3238 2566 3282 par les partisans du système parlementaire,
1812 3278 2560 3318 c'est celle de M. Noubel, insinuait M. Gam¬
1812 3314 2242 3354 betta à M. de Tillancourt.
1868 3274 2488 3434 près quelques instants de réflexion :
1820 3394 2558 3438 — Ma foi, dit celui-ci, pour celui-là je
1816 3434 2310 3474 donne ma langue aux chiens.
1836 3396 2570 3558 — Parce que c'est une élection à l'anglaise.
1836 3544 2576 3582 « « Nous avons eu vent d'un mot d'en¬
1800 3582 2564 3622 fant qui dénote une bien précoce perver¬
1816 3624 1880 3654 sité.
1816 3678 2570 3718 M. Noubel, souffrant des fosses nasales,
1820 3718 2166 3754 éternuait avec fureur.
1818 3758 2574 3798 — Qu'est-ce que tu as, dis ? fait l'enfant ef¬
1822 3796 2246 3834 rayé par cette trompette.
1812 3834 2568 3874 — Je n'en sais rien, dit le malheureux dé¬
1798 3878 2370 3914 puté en éternuant de plus belle.
1820 3914 2568 3956 — Ça te démange dans le nez? ajoute l'en¬
1816 3956 2290 3994 fant avec un sourire atroce.
1854 3944 2534 4102 On parlait des députés contestés.
1820 4062 2560 4102 La conversation amène le nom de
1820 4102 2018 4138 M. Noubel.
1808 4150 2576 4190 — Nous n'avons pas à craindre, dit M. du
1800 4194 2584 4232 Miral, que celui-là soit désarçonné : il est
1816 4236 2044 4266 bien en selle.
1868 4300 2566 4338 *, Et pourtant l'aimable M. Schneidera
1800 4338 2570 4378 fait hier au soir un rêve bien affreux ; qua¬
1818 4382 2506 4418 ifions-le tout de suite de cauchemar.
1818 4430 2560 4468 La gauche (côté des hommes) se levait en
1824 4466 2558 4506 nasse et prétendait faire invalider l'élection
1810 4508 2570 4546 dudit M. Noubel : c'était un tumulte inex¬
1804 4548 1972 4582 primable.
1804 4586 2574 4626 — Oui, tonnait Gambetta, vous facilitez
1802 4626 2558 4662 votre nomination en creusant un Océan de
1802 4666 2576 4704 commodités sous les pas de vos électeurs !...
1814 4706 2574 4742 — Vous leur promettez des trésors, mais
1822 4746 2582 4782 equi les attend, c'est la misère au lieu d'ai¬
1814 4786 2188 4818 sance ! sifflait Picard !
1816 4822 2564 4862 — Vous êtes un faux Smerdis ! ricanait M.
1816 4868 2068 4898 de Tillancourt.
1816 4906 2556 4944 Et M. Schneider, étourdi par cette tempête,
1796 4946 2568 4984 se levait et, agitant sa sonnette présiden¬
1804 4988 1920 5018 tielle :
1830 5024 2564 5064 — Messieurs, faisait-il troublé au dernier
1794 5066 2576 5102 point, Messieurs, l'incident est closet ! Lors¬
1816 5106 2274 5142 qu'il se réveilla ! quel rêve !
2164 5084 2520 5234 JEHAN QUADRILLEUX,
190 4032 918 4066 Une bonne charge de Louis de Camors,
164 4076 920 4106 lu Figaro, à ajouter à l'épopée du 101e de
152 4116 288 4146 Noriac :
146 4158 476 4194 Le chirurgien du.
160 4194 520 4230 mables distractions.
556 4080 920 4230 02e est sujet à d'ai¬
156 4230 906 4266 L'autre jour, le sergent de la première du
156 4266 906 4302 second lui amène un jeune soldat pâle, défait,
152 4302 484 4338 se traînant à peine.
146 4334 910 4370 — Major, dit le sergent, j'ai étudié subsé¬
154 4370 918 4406 quemment le moral de cette recrue ; il a le
172 4412 392 4442 nal du pays.
168 4442 904 4478 — Et d'où es-tu ? dit brusquement le chi¬
150 4478 772 4516 rurgien se tournant vers le malade.
152 4514 742 4550 — Né natif de Pau, mon major.
168 4550 912 4584 — Mal du pays, natif de Pau, répète le chi¬
142 4586 454 4622 rurgien songeur.
152 4618 898 4658 Puis après quelques instants de réflexion.
166 4574 914 4730 — Sergent, écrivez le billet d'hôpital :
156 4690 902 4730 « Affection cutanée à traiter par les bains
156 4730 370 4766 sulfureux ! »
164 4826 908 4866 L'argue, du Charivari, fait d'un coup
154 4870 432 4906 deux portraits.
168 4902 912 4942 On s'est beaucoup occupé du jeune duc de
156 4938 912 4978 Mouchy, à propos de sa fameuse signature.
156 4972 904 5014 ses gestes sont suaves, son regard est lan¬
152 5008 900 5050 goureux ; c'est une véritable femme à
152 5056 256 5086 barbe.
148 5078 906 5122 Au bureau il forme un contraste parfait
154 5114 910 5156 avec M. Guyot-Montpayroux. Celui-ci est
138 5150 914 5192 carré d'aspect, et l'on sent qu'un bock ne lui
154 5194 392 5230 fait pas peur.
188 5222 800 5382 La parole est encore à M. Thiers :
190 5350 758 5392 M. Thiers rencontre un confrère :
182 5386 902 5426 — Eh bien ! la Liberté va accoucher enfin
164 5350 408 5506 ujourd'hui ?...
176 5378 846 5538 — Oui, mais par l'opération césarienne.
156 5586 910 5630 Un ambassadeur-gentleman, très en vue
152 5626 912 5670 et très épicurien, malgré la gravité de ses
152 5666 904 5710 fonctions, a gardé de l'ancien régime la
136 5706 912 5750 charmante manie d'embrasser la main des
136 5744 916 5790 dames ; parfois il pousse la galanterie jus¬
152 5786 918 5830 qu'à la joue ; je ne répoudrais pas que sa
156 5826 918 5870 feinte myopie ne l'ait même conduit sur
154 5866 918 5912 le bord de quelques lèvres aristocrati¬
122 5918 242 5954 ques.
152 5943 918 5993 Il en est deux au moins qui, en le voyant
124 5986 906 6034 entrer dans un salon ami, se sont ouvertes
124 6026 906 6074 l'autre soir pour laisser échapper ce bon¬
132 6074 422 6114 jour indiscret :
152 6106 918 6150 — Eh ! comment va, ce soir, notre cher
156 6074 410 6234 ambassadeur ?
490 6122 816 6278 ARMAND GOUZIEN.
2688 226 3416 256 La prorogation n'est pas un lit de roses.
2666 266 3422 298 Cependant comment faire? Les députés
2648 306 3428 338 ne veulent pas devenir ministres avant
2664 346 3412 378 le sénatus-consulte qui autorise l'Empe¬
2664 386 3408 416 reur à choisir ses ministres parmi les dé¬
2656 428 2772 458 putés.
2666 466 3408 500 On n'avait que le choix des difficultés
2642 506 2874 536 d'exécution.
2674 537 3416 582 La Bourse s'est trouvée aux prises avec
2648 586 3400 622 l'examen très délicat des bonnes intentions
2660 626 3400 662 du Message de l'Empereur, et les mesures
2662 666 3058 702 dont il est assaisonné.
2660 706 3400 742 Sur le Message, la rente a monté ; sur les
2650 746 3058 782 mesures, elle a fléchi.
2660 786 3412 822 La Bourse n'aime pas les entr'actes.
2668 826 3400 862 lus de Chambres, plus de ministres, pas
2668 866 3408 902 le Sénat, quinze jours d'attente, autant
2652 906 3412 942 d'employés ensuite à forger le sénatus,
2658 946 3400 982 et puis encore autant perdus à reconvo¬
2656 986 3408 1022 quer l'assemblée ; on s'en va ainsi, flot¬
2648 1026 3406 1062 tant de quinzaine en quinzaine, sans gou¬
2648 1066 3410 1102 vernement au grand complet, vers le
2672 1106 2936 1142 ois d'octobre.
2676 1154 3404 1186 Ah ! que l'entr'acte va paraître long.
2640 1196 3408 1226 Tout en souffrira, s'il en est ainsi. Nous
2668 1236 3196 1266 ommes un peuple impatient.
2692 1280 3412 1310 Qu'est-ce que vaudra la rente pendant
2662 1314 2886 1350 e temps-là ?
2660 1360 3396 1390 M. Magne la soutiendra-t-il avec la
2656 1400 3396 1430 même vigueur ? Les financiers, qui avaient
2656 1438 3412 1470 confiance en lui, continueront-ils à le de¬
2664 1480 3412 1510 riner, à profiter de ses avis ? Ils n'avaient
2648 1518 3412 1548 confiance en eux que parce qu'ils avaient
2668 1560 2956 1590 onfiance en lui.
2652 1604 3408 1634 M. Magne a conduit la Rente à 72 francs
2648 1642 3392 1674 par des chemins qui ne manquaient pas
2652 1684 3208 1714 de pierres. Qui le remplacera ?
2668 1724 3396 1754 Nous autres prophètes de malheur, cri¬
2664 1762 3392 1798 iques acharnés, gens de Bourse assez
2664 1802 3132 1838 clairés, il nous a vaincus.
2658 1846 3398 1882 L'emprunt était mal fait, il l'a refait,
2646 1888 3392 1922 soutenu, relevé. Il a profité de ce qu'il
2658 1926 3206 1960 savait, et le titre est resté rare.
2650 1970 3404 2006 Est-il au bout de sa manœuvre, nous
2638 2014 3412 2046 n'en savons rien, mais s'il s'en va, il sor¬
2668 2054 3408 2086 ira du ministère, avec le chiffre de 71.50
2660 2094 3412 2126 son chapeau ; et que de coupons gagnés,
2664 2134 2992 2166 le reports au pair !
2668 2180 3412 2210 Peu de journalistes rendent justice au
2644 2220 3412 2250 ministre qui s'en va ; mais nous avons
2648 2260 3188 2290 l'esprit ainsi fait au Gaulois :
2672 2236 3396 2386 Victrix causa diis, placuit sed victa Patoni.
3116 2290 3276 2440 mon cher.
2682 2290 3062 2444 Ah! je trahis ton nom¬
2976 2360 3316 2514 JULES FLEURICHAMP.
2060 5236 2340 5386 LA BOURSE
1826 5406 2558 5438 Qu'est-ce qu'un bulletinier de Bourse
1800 5442 2554 5478 peut dire après un Message de l'Empe¬
1808 5482 1900 5512 reur ?
1816 5522 2558 5558 Prendre sa cote et l'analyser. Etudier le
1824 5562 2066 5598 ommentaire.
1816 5606 2556 5638 Le Message de l'Empereur n'a fait que
1806 5642 2086 5678 0.10 de hausse.
1830 5680 2566 5720 C'est pourtant un événement que ce
1810 5724 2546 5758 Message, et considérable, n'est-ce pas
1796 5762 2022 5798 messieurs?
1818 5806 2558 5838 Il m'est revenu, après la Bourse, que
1810 5844 2548 5878 Jules Favre avait tonné et que Picard avait
1812 5888 1912 5918 sifflé.
1816 5926 2556 5960 L'Empereur leur avait pourtant mis la
1796 5966 2564 6000 main sur la bouche ; mais des gens habi¬
1814 6006 2552 6042 les trouvent toujours le temps de dire
1812 6046 2284 6080 quelque chose au peuple.
1810 6086 2548 6122 Les boursiers ne comprennent rien à la
1818 6126 2436 6162 nauvaise humeur des conciliables.
1808 6166 2552 6202 Est-ce que l'Empereur ne concède pas
1810 6206 2504 6242 au parlement des libertés nécessaires ?
1828 6246 2556 6282 Oui, mais il le congédie pour un mois,
1820 6206 2384 6362 leux mois, trois mois peut-être.
1812 6326 2552 6362 J'ai causé avec des députés qui ne comp¬
1804 6366 2556 6402 tent revenir à Paris qu'en octobre. Tous
1820 6406 2552 6444 eux qui ont pris des voitures au mois ne
1812 6446 2114 6482 sont pas contents.
1832 6490 2556 6524 La vérification des pouvoirs n'est pas
1808 6526 2562 6562 achevée. Les non-vérifiés sont très vexés.
1822 6568 2554 6606 leurs adversaires dans la circonscription
1800 6608 2448 6642 porteront la tête aussi haut qu'eux.
1816 6650 2550 6686 M. Gourgault, à qui le dépouillement du
1808 6690 2562 6726 scrutin accordait quatre voix de majorité,
1804 6730 2558 6766 et contre qui le dépouillement de la com¬
1798 6770 2562 6806 mission trouve sept voix de majorité et
1798 6810 2562 6846 qui va toucher 2,500 francs de jetons de
1810 6850 2562 6886 présence, que doit-il faire? Restituera-t il,
1804 6890 2548 6926 le cas échéant, les 2,500 francs à M. Mar¬
1812 6936 2232 6966 mier, son compétiteur.
3510 228 4236 262 coo A Nice, les actes de violence se multi¬
3476 262 4226 298 plient. Hier nous annoncions le terrible as¬
3492 298 4230 332 assinat dont M. Corporandy avait été vic¬
3480 334 4234 366 time. Voici deux nouvelles affaires de même
3488 370 4160 402 genre qui se produisent coup sur coup :
3498 406 4248 438 Dans l'auberge tenue par le sieur Astraudo,
3472 442 4248 474 place Napoléon, le sieur André Devillers s'est
3484 480 4228 510 pris de querelle avec le nommé Pierre oddon,
3478 514 4238 546 condamné libéré en surveillance à Nice, A la
3468 552 4236 582 suite de cette altercation, Oddon a porté à
3482 584 4238 618 son adversaire un coup de couteau dans le
3490 620 4222 654 rentre. La blessure a été reconnue très-gra¬
3466 656 4250 690 ve par le docteur Barelli, appelé pour donner
3496 694 3956 726 es premiers soins au blessé.
3496 652 4128 802 Une heure après, Oddon était arrêté.
3500 766 4236 798 Le même jour, vers quatre heures de l'a¬
3484 804 4236 834 près-midi, un cocher nommé Marius Blanc,
3464 834 4228 870 à la suite d'une altercation avec un de ses
3482 872 4226 906 camarades, lui asséna dans les reins des
3462 906 4226 942 coups de manches de fouet. L'autre descen¬
3478 942 4226 978 dit de son siége. Un nouveau coup appliqué
3478 978 4230 1012 sur la tête avec une violence extraordinaire,
3488 1014 4224 1048 e renversa presque sans connaissance sur
3476 1050 4222 1082 le sol. Mais cela ne suffit point à la brutalité
3470 1086 4228 1118 sauvage de l'agresseur, qui sauta sur le corps
3476 1122 4224 1154 de sa victime et le piétina à plusieurs repri¬
3480 1160 4236 1190 ses. Le sieur Layet, homme d'équipe à la
3462 1194 4224 1226 gare, que le hasard avait rendu témoin de
3484 1230 4228 1262 et horrible spectacle, sauta sur le cocher,
3462 1264 4222 1298 et le maintint en attendant l'arrivée de ses
3462 1298 4232 1334 camarades, qui lui lièrent les mains et l'en¬
3478 1334 4228 1370 fermérent dans une salle, jusqu'à ce que la
3478 1370 4224 1406 police vint se saisir de lui. On eut beautcher¬
3478 1406 4236 1442 cher des agents dans les environs, il ne fut
3476 1442 4220 1478 possible d'en trouver aucun. Le nombre en est
3478 1478 4236 1514 trop réduit, croyons-nous, pour que le service
3486 1514 4232 1550 le la sûreté publique n'ait pas a en souffrir ;
3472 1550 4218 1584 il est de toute nécessité qu'on l'augmente
3474 1586 4222 1618 au moins d'un tiers. L'agresseur a été
3484 1622 4220 1654 croué, et la victime a été immédiatement
3480 1658 4220 1690 ransportée à l'hopital, où elle a, paraît-il,
3472 1694 3888 1726 succombé dans la nuit.
3490 1730 4218 1764 cco M. Corporandy n'est point mort encore ;
3484 1768 4224 1798 l aurait même passé une nuit assez calme,
3460 1802 4224 1833 mais son état laisse toujours bien peu d'es¬
3476 1836 3560 1870 poir.
3490 1874 4230 1906 On a su depuis que le couteau dont s'est
3496 1910 4236 1942 est servi Gilly avait été acheté, le matin
3468 1948 4228 1978 même, chez un quincailler de la rue Cen¬
3480 1980 3564 2010 trale.
3856 1982 3876 2014 da
3500 2026 4222 2062 Une jeune fille vient de se suicider à
3480 2062 4232 2092 Meximieux (Ain) dans d'étranges circons¬
3464 2100 4224 2130 tances. Agée de vingt-deux ans, née à Fara¬
3472 2136 4224 2166 mans, dans l'Isère, elle était gouvernante
3468 2172 4224 2202 chez M. Godard, propriétaire du château de
3464 2206 4220 2238 Meximieux. On la renvoya au commence¬
3484 2244 4232 2274 nent de mai. Vingt jours après, elle revint ;
3480 2274 4234 2310 on la congédia de nouveau. Le 27 juin, nou¬
3462 2310 4224 2346 veau retour au château. M. Godard se trou¬
3466 2346 4218 2382 vait alors à Paris. L'un des domestiques
3470 2382 4230 2418 ayant dit à la jeune fille qu'on ne pouvait la
3462 2418 4222 2454 recevoir, celle-ci répondit qu'elle avait des
3476 2454 4218 2490 raisons pour entrer, et parvint à se faire don¬
3460 2490 4226 2526 ner la clef d'une chambre où elle s'installa.
3464 2526 4220 2560 M. Godard, prévenu sans retard, lui fit signi¬
3476 2562 4226 2598 fier qu'elle eût à quitter aussitôt le château,
3454 2596 4058 2630 d'où on l'expulserait de vive force.
3488 2630 4220 2666 Ce procédé jeta la jeune fille dans un vio¬
3482 2666 4222 2702 ent désespoir, et le 30 juin, vers deux heu¬
3462 2702 4222 2738 res après midi, elle s'empara d'un revolver
3454 2738 4222 2774 chargé qu'elle trouva dans l'appartement et
3470 2774 4224 2810 s'en tira deux coups dans la partie supé¬
3456 2810 4214 2846 rieure du ventre ; les deux balles pénétrèrent
3486 2846 4222 2882 ar la même ouverture et allèrent se loger
3466 2882 4214 2918 dans les os du bassin, d'où il était presque
3460 2918 4218 2954 impossible de les extraire. Une domestique,
3462 2954 4216 2990 qui n'avait pas entendu la double détonation,
3464 2990 4216 3024 mais qui s'aperçut que la jeune fille était
3456 3026 4232 3058 malade, alla lui offrir ses soins : « Allez cher¬
3460 3062 4214 3098 cher un prêtre, répondit la jeune fille, je
3472 3098 4228 3130 viens de me donner la mort. » On courut
3468 3134 4220 3166 aussitôt chercher un médecin et un prêtre,
3454 3170 4228 3204 et on fit transporter la mourante à l'hôpital,
3468 3208 4224 3238 où, malgré les meilleurs soins, elle expira le
3464 3242 3652 3274 lendemain.
3478 3278 4202 3314 L'opinion publique, vivement émue de ce
3466 3314 4222 3350 drame, en rechercha d'abord la cause dans
3468 3350 4222 3386 l'état de grossesse où se trouvait cette jeune
3480 3386 4220 3420 ille ; mais l'autopsie du cadavre a démontré
3472 3422 4176 3456 que cette supposition n'était pas fondée.
4292 222 5062 262 beth, recueillies par M. Feuillet de Conches
4296 258 5054 298 et annotés par lui. Le cinquième volume
4292 294 5058 332 vient de paraître, et, comme les précé¬
4312 330 5054 370 lents, s'ouvre sur des lettres de la période
4320 366 5050 406 leureuse et charmante de la vie de Ma¬
4312 322 5054 482 cie — Antoinette, pour s'enfoncer bientôt
4316 358 5058 518 ous les sombres avenues de cette orageuse
4298 472 5060 512 année 1792, fatale à la royauté et à la liberté.
4288 506 5058 550 Rien ne saurait dire l'intérêt puissant fet
4298 544 5062 586 douloureux de ce volume rempli de pièces
4300 578 5060 618 capitales, orné de curieux fac-simile et pré¬
4288 614 5060 654 cédé d'un chef-d'œuvre de Morse, la repro¬
4314 652 5050 690 luction au burin du buste de Marie-Antoi¬
4298 688 5054 730 nette par Sajou. Ce cinquième volume est
4300 722 5058 766 expédié franco à toute personne qui envoie
4314 760 4718 794 n bon de poste de 8 fr.
4296 714 4632 870 Garancière, à Paris.
4746 686 5060 842 à l'éditeur, 10, rue
3450 6856 4206 6894 L'éditeur Henri Plon continue sa belle pu¬
3446 6890 4208 6930 blication des lettes et documents inédits sur
3438 6930 4204 6966 Louis XVI, Marie-Antoinette, Madame Elisa-
2824 2594 3228 2750 FAITS DIVERS
2640 2826 3394 2862 Le Journal officiel contient seulement ce
2648 2862 3392 2898 matin un décret nommant un agent de
2632 2898 2792 2933 change.
2654 2958 3386 2992 c6º Dans la soirée d'hier, un jeune garçon
2640 2994 3400 3026 de seize ans pêchait sur les bords du canal
2652 3026 3390 3062 le la Bastille. Voyant à un moment qu'un
2626 3062 3394 3098 fort poisson, trop lourd, allait lui échapper,
2632 3098 3392 3134 il tira fortement sur sa ligne, et, le pied lui
2638 3134 3386 3170 ayant manqué, glissa dans l'eau. Cet endroit
2646 3170 3386 3204 était très profond et un peu éloigné de la
2628 3206 3400 3240 foule. Avant qu'on ait eu le temps d'accourir,
2648 3244 3384 3274 l avait cessé de réparaître sur l'eau. Au bout
2630 3278 3398 3310 de quarante minutes, le sieur Lemaire, char¬
2624 3314 3400 3346 pentier, occupé près de là, ne retira bien en¬
2624 3348 3388 3382 tendu qu'un cadavre que le commissaire de
2632 3382 3172 3418 police fit conduire à la Morgue.
2650 3448 3398 3486 Toujours des chutes ! Un jeune maçon
2638 3482 3394 3518 de dix-huit ans, Louis Gane, venu depuis
2630 3518 3400 3554 peu de St-Priest (Creuse) pour faire fortune,
2648 3554 3402 3590 st tombé hier d'une croisée au cinquième
2628 3590 3392 3624 étage dans la rue Budé. La mort a été instan¬
2642 3626 3392 3662 tanée et on ne releva qu'un corps horriblement
2626 3660 3404 3696 mutilé. M. le commissaire de police le fit con¬
2628 3696 3388 3732 duire à son domicile que lui indiqua un des
2638 3730 3042 3766 compagnons du défunt.
2630 3864 3388 3902 Après avoir un peu bu, il se couche tranquil¬
2632 3900 3396 3938 lement sur le talus des fortifications. Peu
2628 3936 3392 3974 après, il roulait et du haut du mur tombait
2630 3972 3398 4010 dans le fossé. Le fracasse ent de sa tête
2622 4008 3386 4046 produisit une hémorragie qui a couvert de
2634 4042 3132 4080 sang tout le terrain alentour.
2646 4084 3390 4122 Il mourut probablement sans être éveillé
2634 4120 3386 4158 et c'est, dans son malheur, un bonheur pour
2642 4154 3392 4192 lui. Des hommes de la caserne voisine trans¬
2642 4192 3392 4228 portèrent le corps à la Morgue, le docteur
2640 4228 3400 4262 Jannin ayant constaté la mort. On a retrouvé
2630 4262 3390 4298 sa voiture sur le boulevard Davoust, elle
2628 4298 3384 4334 portait sur une plaque en cuivre ce nom
2656 4332 3146 4370 ierre Dubellier, à Vincennes.
2760 3790 3100 3826 e pauvre brocanteux
2626 3828 3398 3866 arriver si vite au terme de son existence.
2654 4398 3396 4440 cco Un jeune employé de commerce, de la
2656 4434 3396 4470 ue de Provence, le sieur Marius Métivier, a
2646 4470 3396 4508 té trouvé pendu dans sa chambre, hier matin,
2628 4506 3388 4546 à 10 heures. Il y avait déjà plusieurs heures
2654 4542 3390 4580 qu'il avait cessé de vivre. Malgré l'enquête,
2646 4578 3388 4614 on ne sait pas au juste si c'est par désespoir
2656 4614 3400 4650 'amour ou dégoût de son sort, qu'il s'est
2640 4650 3380 4686 décidé à quitter le monde par cette triste
2626 4690 2750 4724 porte.
3162 3714 3386 3870 ne croyait pas
2660 4744 3384 4782 coo A Toulon, gendarmerie, chiourme, po¬
2640 4778 3388 4814 lice, etc., sont encore une fois sur pied. Quatre
2622 4814 3392 4852 forçats en corvée à Lagoubran se sont éva¬
2656 4850 3392 4886 és. Décidément, le bagne est une prison
2640 4886 3392 4922 d'où l'on sort avec la plus grande facilité de¬
2650 4922 2980 4958 uis quelque temps.
2680 4958 3168 4994 Les fugitifs sont des Arabes.
2632 5024 3392 5058 c0° A Saint-Etienne, dans un cabaret de
2628 5060 3388 5098 la rue des Chappes, des militaires et des ou¬
2650 5096 3388 5132 rriers étaient attablés et buvaient. Une dis¬
2634 5050 3388 5208 cussion s'éleva et un des soldats se prit de
2620 5168 3384 5206 querelle avec un ouvrier, si bien qu'ils en
2622 5202 3392 5240 vinrent aux mains. Le caporal, qui accom¬
2632 5238 3386 5278 pagnait ses hommes, intervint et se jeta en¬
2628 5274 3386 5314 tre les deux assaillants. Là-dessus les au¬
2620 5310 3380 5350 tres ouvriers se méprennent sur les inten¬
2624 5346 3380 5386 tions conciliantes du caporal ; ils se précipi¬
2620 5382 3394 5422 tent sur lui et l'un d'eux lui assène, derrière
2624 5418 3392 5454 la tête, un coup de casse-tête qui le jette par
2632 5454 3384 5490 terre, évanoui et sanglant. Les militaires
2632 5490 3392 5526 dégaînent ; mais fort heureusement, à la vue
2640 5526 3378 5562 des sabres, tous les consommateurs s'esqui¬
2628 5560 3392 5598 vent. Le caporal, toujours évanoui, a été
2636 5598 3394 5634 transporté au corps de garde de l'hôtel de
2636 5638 2728 5668 ville.
3484 3470 4220 3506 cx» Le Cosmos rapporte un singulier pro¬
3474 3506 4214 3542 cédé employé par les Bushmen pour chasser
3458 3542 4206 3578 l'autruche. Ils se déguisent en autruches ; le
3462 3578 4218 3614 déguisement se compose d'une espèce de
3478 3614 4222 3650 elle dont le dessous est garni de plumes, de
3468 3650 4210 3686 manière à imiter le corps de l'oiseau ; d'un
3476 3686 4132 3718 ou et d'une tête d'autruche empaillés.
3480 3718 4220 3756 Le chasseur se peint les jambes en blanc,
3452 3754 4228 3790 puis il pose la selle sur ses épaules; de la
3454 3790 4222 3826 main droite, il tient la partie inférieure du
3466 3826 4222 3862 cou ; de l'autre, son arc et ses flèches empoi¬
3466 3862 4218 3898 sonnées. Il en est qui poussent si loin l'imi¬
3454 3898 4218 3934 tation qu'à quelques mètres de distance, il
3478 3934 4210 3970 st presque impossible de découvrir la
3464 3970 3592 4000 fraude.
3474 4004 4206 4042 Cet oiseau humain a l'air de brouter le ga¬
3446 4040 4220 4078 zod, il tourne la tête en regardant de côté et
3462 4076 4208 4112 d'autre d'un air d'intelligence, secoue ses
3446 4112 4208 4148 plumes, marche et court alternativement,
3452 4146 4224 4182 jusqu'à ce qu'il arrive à une portée d'arc du
3446 4182 4220 4218 troupeau, et quand les autruches prennent
3462 4218 4222 4258 la fuite en voyant l'une d'elles atteinte d'une
3460 4254 3858 4286 fièche, il fuit avec elles.
3474 4290 4214 4326 Quelquefoisites autruches mâles donnent la
3474 4326 4206 4362 hasse à ce singulier oiseau ; alors il ma¬
3458 4362 4210 4398 nœuvre pour les éviter, en ayant soin qu'elles
3462 4398 4222 4434 ne puissent pas le flairer; car du moment
3458 4434 4206 4470 où il se trouve placé de manière à affecter
3470 4470 4036 4504 eur odorat, le charme est rompu.
3466 4506 4214 4542 Alors il ne lui reste plus qu'à jeter sa selle
3478 4540 4220 4580 t à fuir au plus vite pour éviter un coup
3452 4580 4068 4610 d'aile qui le terrasserait à l'instant.
4312 890 5052 932 EXPOSTION DE CHIENS A BRUXELLES
4294 926 5044 966 le 22 juillet. Pour tous renseignements, s'a¬
4294 962 5048 1002 dresser à M. SANFOURCHE, 81, rue de Cli¬
4284 1000 4356 1030 chy.
4330 1026 5058 1190 Jeudi soir a eu lieu l'inauguration de la
4282 1140 5060 1184 GRANDE CHAPELLERIE DU JOCKEY-CLUB ET DU
4314 1178 5056 1218 PORT, place de l'Opéra. Une réunion nom¬
4288 1210 5058 1254 breuse de visiteurs appartenant à la plus
4284 1250 5056 1292 brillante société de la capitale s'y étaient
4300 1282 5054 1326 donné rendez-vous. Tandis que les salons ri¬
4300 1318 5058 1362 chement décorés du premier étage étaient
4296 1354 5042 1398 envahis par les dames françaises, et étran¬
4284 1390 5056 1432 gères, les plus élégantes et qui sont les rei¬
4292 1426 5050 1466 nes de la mode, le rez-de-chaussée se trou¬
4308 1462 5044 1504 rait être le rendez-vous des gentlemen les
4284 1498 5052 1538 plus distingués, dans nos salons, au théâtre
4294 1532 5054 1576 et sur le turf. Nous croyons pouvoir affirmer
4316 1570 5050 1610 ue ce magnifique établissement de chapelle¬
4306 1606 5040 1648 rie, dont l'ouverture a été un événement
4296 1638 5054 1682 dans Paris fashionnable, est destiné désor¬
4288 1674 4806 1714 mais à une très grande vogue.
4306 1712 5064 1756 Sous le rapport de l'appropriation artistique
4300 1746 5064 1790 nous avons remarqué un salon Louis XVI,
4292 1782 5054 1830 peint avec un goût parfait; un autre salon
4288 1818 5062 1862 pompéien, décoré avec une entente toute
4308 1854 5050 1898 nagistrale de l'art antique; dans ces deux
4288 1890 5058 1934 pièces où se pressaient les dames de la haute
4304 1926 5050 1970 société, tout le monde était d'accord pour en
4290 1962 5058 2006 approuver les riches et savantes dispositions
4304 2000 4516 2030 rnementales.
4302 2034 5058 2078 Mais ce qui semblait attirer l'admiration
4282 2070 5058 2114 des élégants visiteurs et des jolies et belles
4290 2104 5058 2150 visiteuses, c'étaient les articles nouveaux
4282 2142 5054 2186 qui s'étalaient dans ce splendide établisse¬
4282 2178 5050 2222 ment. Nous avons distingué surtout les cha¬
4284 2214 5054 2258 peaux Jockey-Club et Metternich, dont la
4294 2248 5054 2294 vogue est un fait accompli. Les fantaisies
4306 2284 5058 2326 pour dames, telles que le chapeau Marie¬
4296 2318 5056 2364 Antoinette, les formes dites Picolino et les
4300 2354 5062 2398 Sultanes ont reçu, ce jour-là, leur consé¬
4304 2390 5060 2436 ration en devenant les nouveaux modèles
4300 2426 5036 2472 dont le public élégant fera l'acquisition. Le
4312 2462 5052 2508 RANDE CKAPELLERIE DU JOCKEY CLUB ET DU
4280 2498 5042 2542 SPORT a conquis, sous tous les rapports, une
4288 2534 4796 2572 réputation justement méritée.
4808 2498 5002 2654 E. ELLISON.
4300 2650 5054 2698 Nous engageons nos lectrices de ne faire
4296 2686 5058 2734 aucun achat en robes foulard de l'Inde, avant
4292 2722 5060 2768 que d'avoir visité l'Union des Indes, rue
4316 2758 5042 2802 uber, 1, fournisseur breveté de S. M. l'Im¬
4300 2794 4448 2826 pératrice.
4356 2886 5002 3050 RUITS DE COULISSES
4308 3046 5042 3094 N'en doutons plus, le notaire y a passé :
4304 3082 5054 3130 I. Cogniard a cédé le théâtre des Variétés à
4280 3118 5052 3164 M. Bertrand, qui entrera en fonctions le 1er
4280 3154 5036 3198 août prochain, bien que, d'après l'acte de
4280 3190 5042 3234 vente, le changement de direction ait com¬
4280 3226 4774 3266 mencé à partir du 1er juillet.
4292 3262 5034 3306 M. Hippolyte Cogniard ne va cependant pas
4294 3298 5038 3342 se croiser les bras : la Poudre de Perlimpinpin
4290 3334 5024 3376 au Châtelet, la Chatte blanche à la Gaîté lu
4280 3366 5042 3414 créeront quelques distractions cet hiver, en
4304 3404 5038 3450 nême temps qu'elles arrondiront sa fortune.
4300 3438 5034 3486 Et puis le théâtre du Château-d'Eau, dont
4284 3474 5050 3522 son fils est le directeur, n'est-il pas là pour
4284 3510 5042 3558 lui donner l'occasion de faire une fois de plus
4292 3546 4934 3590 la preuve de son habileté proverbiale.
2644 5688 3380 5718 62º Le pendant de cette scène s'est passé à
2620 5726 2808 5758 Bordeaux.
2636 5756 3384 5794 Ici le rôle du caporal est péniblement mo¬
2632 5792 3384 5830 difié. Le caporal est chef de poste du Pont, à
2632 5828 3384 5866 la Bastide. Cela se passait avant-hier, à huit
2628 5864 3392 5902 heures du soir. Ce commandant de poste
2616 5900 3380 5938 était dans un tel état d'ivresse qu'il avait
2648 5936 3392 5974 égainé et menaçait les passants de son
2616 5974 3376 6010 sabre. Quelques-uns intervinrent, cherchant
2628 6010 3390 6046 à désarmer l'ivrogne. Une lutte s'engage.
2616 6046 3386 6082 Intervention de la gendarmerie. Le caporal se
2632 6082 3390 6118 réfugie dans le poste et les soldats prennent
2632 6114 3378 6154 la défense de leur chef, armes en mains. Ils
2632 6150 3376 6190 s'opposèrent bel et bien à ce que l'ivrogne
2620 6186 3380 6226 fût conduit au corps de garde de la gendar¬
2628 6232 2748 6262 merie.
2644 6282 3382 6326 «co Avant-hier, un machiniste du chemin
2624 6318 3392 6358 de fer d'Orléans, conduisant un train de mar¬
2622 6354 3392 6396 chandises, parti de Paris à midi, aperçut dans
2628 6390 3384 6430 une tranchée en courbe, entre Epinay et
2620 6426 3384 6466 Saint-Michel, un homme assis sur le rail. Le
2612 6460 3392 6502 train était à 200 mètres et l'homme ne bou¬
2622 6494 3362 6540 geait pas. Le machiniste fit tous ses effort
2614 6530 3382 6576 pour arrêter le train ; en même temps, il es¬
2632 6566 3376 6610 sayait l'avertir l'imprudent par des coups
2624 6602 3390 6646 de sifflets réitérés. Rien n'y faisait. Le train
2630 6638 3388 6680 s'approchait ; la machine atteignit le mal¬
2616 6674 3366 6718 heureux qui roula au milieu de la voie et
2616 6710 3382 6754 disparut sous les voitures. Le train fit en¬
2628 6746 3374 6790 core cinquante mètres. On se précipita et l'on
2620 6782 3374 6826 vit sortir, entre deux wagons, l'homme par¬
2616 6820 3384 6862 faitement sain et sauf, la figure souriante.
2642 6858 3368 6896 frâce à un hasard miraculeux, il avait roule
2618 6894 3388 6932 sous la machine de telle façon que le train
2636 6930 3226 6970 vait passé sur lui sans l'atteindre.
3480 4638 4206 4678 Un affreux malheur est arrivé, ces jours
3462 4674 4224 4712 derniers, dans le village de Gilly près de
3474 4710 4212 4748 harleroi. M. Génard, bourgmestre de Gilly,
3476 4742 4214 4786 ortait de cl et le géomètre de la commune,
3468 4780 4216 4818 M. Paquet, à lui il venait de communiquer
3460 4734 3644 4884 des plans !
3466 4850 4224 4888 Il se pressait le rejoindre les membres du
3458 4886 4216 4922 conseil échevinet avec qui il avait rendez¬
3446 4922 4228 4958 vous pour visiter le cimetière et les écoles.
3474 4958 4228 4994 au passage à niveau du chemin de fer, près
3446 4994 4210 5030 la fosse Saint-Bernard, il trouva la barrière
3462 5030 4218 5066 fermée à cause de l'approche d'un train de
3458 5066 4232 5102 wagons vides en destination de la fosse du
3462 5102 4230 5138 Feignat. M. Génard voulut passer en dessous
3462 5138 4210 5174 de la barrière, Malgré l'avertissement du
3454 5174 4214 5210 garde qui lui cria : « Prenez garde, Monsieur
3466 5210 4222 5246 Génard, voilà la machine ! » Au moment où
3446 5246 4222 5282 le pauvre bourgmestre répondait : « J'ai le
3470 5282 4220 5318 emps de passer, » il trébuchait contre un
3464 5318 3904 5350 rail et tombait sur la voie.
3464 5350 4198 5390 « La locomotive arrivait à toute vapeur, le
3464 5388 4204 5426 malheureux la voyait arriver; il essaya,
3448 5422 4208 5462 de se relever, mais avant qu'il y fût parve¬
3456 5460 4208 5498 nu, il était atteint à la tête par le tampon de
3446 5496 4204 5534 la locomotive et lancé à plusieurs mètres. Le
3472 5530 4208 5570 râne avait été fracassé ; la mort fut instanta¬
3460 5568 3540 5598 née.
3474 5614 4196 5650 co. Un incendie considérable s'est déclaré
3442 5650 4204 5686 dans la nuit d'avant-hier à Nantes, au n° 14
3440 5682 4198 5722 de la rue Franklin, chez un boulanger. Bien¬
3432 5718 4210 5758 tôt le feu se communiqua aux deux maisons
3440 5754 4194 5794 voisines. Les secours se firent attendre, bien
3432 5792 4210 5830 que les citoyens fussent accourus en grand
3440 5826 4202 5866 nombre au premier appel. Trois femmes ha¬
3448 5862 4198 5902 bitant le troisième étage avaient été surpri¬
3448 5898 4210 5936 ses dans leurs chambres et ne pouvaient sor¬
3440 5934 4210 5974 tir : l'escalier était en flammes. Ces malheu¬
3432 5970 4206 6010 reuses étaient aux fenêtres, échevelées, se
3436 6006 4198 6046 tordant les bras et poussant des cris déchi¬
3448 6042 4198 6078 rants. Un pompier et un soldat te procurè¬
3434 6078 4200 6116 rent une échelle et la dressèrent contre la
3442 6114 4206 6152 muraille. Elle était trop courte. Alors ils
3434 6150 4194 6186 montèrent au premier, tirèrent l'échelle à eux
3430 6182 4200 6222 et l'appuyèrent sur le balcon. Ainsi ils purent
3440 6218 4206 6258 atteindre le troisième étage et opérer le sau¬
3442 6254 3972 6290 vetage de tpois malheureuses.
3468 6290 4194 6330 L'eau manquait. Ce n'est qu'à minuit qu'on
3450 6326 4202 6366 parvint à organiser le service d'une manière
3456 6362 4206 6402 efficace. Le feu avait naturellement gagné du
3446 6398 4202 6438 terrain. Un plancher embrasé s'est effondré
3468 6434 4194 6474 ous les pieds d'un capitaire-adjudant des
3464 6470 4202 6510 apeurs-pompiers, M. Laquement. Il est tom¬
3468 6506 4210 6546 é au rez-de-chaussée, et heureusement il
3464 6542 4162 6582 l'a reçu que des contusions sans gravité.
3456 6578 4192 6620 Le lendemain matin, les pompes jouaient
3464 6534 4118 6690 ncore autour des décombres fumants.
3874 6606 4120 6762 LURÈLE HARTH.
4290 3642 5046 3686 Un décret en date du 20 juin a fixé à
4296 3678 5034 3722 ,125 francs la pension accordée à M. Petipas
4298 3712 4982 3758 maître des ballets au théâtre de l'Opéra.
4632 3672 4692 3822 0
4390 3794 5036 3838 d'Herblay vient de résilier l'engage¬
4304 3826 5040 3876 nent de Mlle Derasse, qui devait aller au
4332 3714 4352 3864 M.
4282 3864 5038 3910 Grand théâtre de Lyon en qualité de chan¬
4278 3898 4510 3934 teuse légère.
4300 3933 5046 3982 Il a engagé à sa place, au prix de 4,000 fr.
4288 3970 5034 4018 par mois, Mlle Baretti, qui possède, comme
4296 4006 5034 4054 antatrice et comme comédienne, de brillantes
4292 4042 4448 4072 qualités.
4292 4078 5046 4126 Mlle Baretti était à Bordeaux l'hiver der¬
4274 4114 5056 4160 nier; elle a été la pensionnaire de notre Opéra¬
4298 4150 5058 4198 omique, et avait créé d'une façon très-re¬
4274 4186 5052 4232 marquable la Statue, de Reyet, au Théâtre¬
4284 4224 4452 4254 Lyrique.
4296 4314 5036 4368 M. de Leuven est en pourparlers avec une
4284 4350 5054 4406 jeune et charmante artiste que le théâtre
4296 4386 5044 4444 oyal de la Monnaie de Bruxelles a possédée
4274 4422 4890 4466 pendant ces trois dernières années.
4282 4458 5038 4514 Si l'affaire s'arrange, nous entendrons
4278 4494 5038 4550 prochainement Mlle Duncelé, qui a, paraît-il,
4274 4530 5042 4586 créé là-bas avec succès Juliette, Mignon,
4290 4566 4678 4602 la Jolie Fille de Perth.
4642 4532 4682 4682 o
4286 4650 5048 4704 Avant-hier, Mlle Page a joué à Bordeaux
4270 4686 4670 4722 la Dame aux Camélias.
4298 4722 5030 4774 Elle a été couverte de fleurs et rappelée.
4282 4758 5038 4810 Demain elle jouera les Filles de marbre et
4278 4792 4902 4838 ensuite les Viveurs de Paris et Julie.
4284 4826 5042 4882 On sait que Mlle Page est Bordelaise ; ses
4288 4862 4958 4914 compatriotes lui ont fait un triomphe.
4304 4946 5038 5002 Les concours à huis-clos du Conservatoire
4288 4982 5042 5038 impérial de musique et de déclamation ont
4278 5018 4572 5054 commencé lundi.
4284 5054 5036 5108 La séance a été ouverte par le concours de
4288 5090 5046 5142 contrebasse. Six concurrents se sont présen¬
4268 5126 5046 5178 tés. Le premier prix a été obtenu par M.
4268 5162 5044 5212 Georges Ghys ; le second prix a été partagé
4286 5198 5046 5248 entre MM. Esclobas et Roubié. M. Charpen¬
4292 5234 5042 5286 ier a obtenu le premier accessit, M. Bernard
4294 5270 5044 5318 etroisième. Il n'y a pas eu de deuxième ac¬
4288 5308 4388 5338 essit
4282 5342 5030 5390 M. Labro est le professeur de cette classe.
4284 5378 5038 5426 Le promier prix d'harmonie a été partagé
4292 5414 5044 5460 ntre MM. d'Hommée et Génin, tous deux
4266 5450 5040 5494 élèves de M. Savard. M. Pister, élève de M. Sa¬
4288 5486 5036 5532 vard, a obtenu le second prix. Un deuxième
4278 5522 5024 5568 accessit a été décerné à M. Dutacq, élève de
4262 5558 5036 5604 M. Elwart. Il n'y a pas eu de premier acces¬
4280 5594 4340 5626 sit,
4290 5630 5024 5674 Huit concurrents se sont présentés à ce
4280 5666 4432 5698 concours.
4296 5710 5036 5756 Il n'a pas été décerné de premier prix de
4268 5746 5044 5790 contre-point et fugue. M. Pugno, élève de
4264 5782 5040 5828 M. Ambroise Thomas, a obtenu le second
4262 5818 5046 5862 prix à l'unanimité. Le premier accessit a été
4280 5854 5048 5898 décerné à M. Rougnon, le deuxième à M.
4270 5890 5046 5934 Courtade, le troisième à M. Wicker. Ces trois
4274 5924 5044 5968 lauréats sont élèves de M. Ambroise Tho¬
4264 5958 4360 5989 mas.
4286 5996 5034 6042 Onze concurrents se sont présentés à ce
4284 6030 4428 6062 concours.
4286 6070 5024 6110 Le jury, pour ces trois concours, était com¬
4276 6102 4424 6134 posé de :
4276 6138 5020 6184 MM. Auber, président ; Benoist, Henri
4274 6174 5018 6222 Duvernois, Eugène Gautier, Prumier, Ravi¬
4290 6210 4904 6250 la, Renaud de Vilbach et Wekerlin.
4286 6244 5022 6294 Hier a eu lieu le concours de harpe et d'é¬
4264 6278 4550 6314 tude du clavier.
4282 6374 5034 6430 On jouera prochainement, au Burgttisater
4278 6410 5042 6462 de Vienne, le Filleul de Pompignac, d'A-
4280 6446 5038 6498 lexandre Dumas fils, et le Post-scriptum,
4278 6482 4556 6516 d'Emile Augier.
4278 6568 5022 6622 La princesse Félicie est surpassée : deux
4264 6602 5026 6658 sœurs attirent en ce moment les curieux qui
4278 6638 5018 6694 foisonnent à Odessa comme ailleurs ; elles
4280 6674 5026 6730 sont originaires de la Suisse, l'aînée, Colibri,
4282 6710 5030 6766 gée de vingt-quatre ans, pèse 13 kilogram¬
4278 6746 5034 6802 mes; la cadette, Esly, âgée de vingt ans, en
4260 6780 5026 6838 pèse 200. L'une est une naine et l'autre un
4276 6814 4416 6850 colosse.
4626 6782 4656 6932 *
4274 6904 5022 6958 La Mignon, non pas d'Ambroise Thomas,
4276 6942 5022 6994 mais bien de Mylins et Bial, se joue depuis
