5346 7385
2302 20 3084 174 LE GAULOIS JEUDI 15 JUILLET 1865
284 208 1056 238 Malgré le dévouement des citoyens, on
282 246 1044 278 ne peut suffire à tant de maux, et combien
290 286 1044 320 s'estime-t-on heureux alors si l'Assistance
284 326 1054 362 publique a un matériel de petites tentes
280 366 1038 402 qui, dressées dans le Champ-de-Mars ou
294 406 1034 442 dans les environs de Paris, diminueraien
294 446 1042 482 l'encombrement et l'insalubrité des grands
292 488 472 522 hôpitaux.
308 526 1046 562 Ce système, employé pour la première
272 566 1034 602 fois dans la guerre américaine, fonctionne
296 606 1038 642 en Allemagne depuis quatre ans. C'est sur
270 646 1036 682 les instances de M. Léon Lefort, chirur¬
272 686 1034 722 gien de l'hôpital Cochin, et dont l'autorité
286 730 1038 762 est bien connue en pareille matière, que le
280 766 1050 802 directeur de l'Assistance publique voulut
272 806 1050 842 bien autoriser un essai. — Mgr Maret est
280 852 1036 882 venu bénir le nouvel établissement ; c'est
272 888 1036 922 à l'obligeance de M. Basserau, fils du cé¬
272 928 1040 962 lèbre praticien, que nous devons cette vi¬
272 972 1044 1002 site intéressante et instructive. Dans quinze
272 1008 1048 1042 jours, l'Impératrice va aller à Berg-sur-
284 1052 1052 1082 Mer inaugurer un hôpital du même genre
280 1092 1044 1122 contenant trois cents enfants, dont la santé
288 1132 744 1162 réclame un air fortifiant.
308 1172 1032 1202 Pour finir, il nous a paru curieux de
276 1210 1036 1242 mettre en regard quelques chiffres, au
284 1251 1036 1282 moment où, malgré le corps médical, le
274 1290 1034 1322 le nouvel Hôtel-Dieu s'achève, chaque
292 1332 1028 1362 moëllon qui s'ajoute rétrécissant l'espace
280 1372 840 1402 respirable de ce futur ossuaire.
294 1410 1030 1442 L'ensemble de l'édifice coûtera quaran¬
276 1450 1038 1486 te millions et contiendra sept cents lits :
280 1490 1034 1526 prix du lit 56,000 francs. C'est-à-dire
280 1526 1026 1566 qu'au point de vue économique ou hygié¬
268 1570 1030 1606 nique, il eût mieux valu louer un apparte¬
276 1610 1022 1646 ment de 2,500 francs, boulevard Hauss¬
270 1650 1036 1686 mann, à chaque malade. J'allais oublier
270 1690 1026 1728 de dire que dans l'hôpital sous tente, cha¬
276 1730 786 1770 que lit revient à 500 francs.
660 1706 912 1858 HENRI MARAIS.
362 1926 952 2082 COURRIER DU JOUR
302 2066 590 2222 Où allons-nous ?
286 2186 1020 2224 Le Corps législatif, qui compte dans ses
272 2226 1032 2266 rangs cinquante-cinq députés invalides, je
254 2266 872 2302 veux dire invalidés, est prorogé;
268 2306 1024 2346 Il n'y a pas encore de Séhat, puisque sa
270 2346 860 2384 convocation aura lieu le 2 août ;
288 2386 1016 2426 Il n'y a plus de ministère, vu la dé¬
264 2426 686 2466 mission des ministres ;
286 2466 1028 2504 Il est impossible de former un ca-
264 2506 1012 2546 binet nouveau et sérieux, le parce que la
252 2546 1016 2586 reforme constitutionnelle abrogeant l'in¬
252 2586 1014 2626 compatibilité du mandat, de député avec
256 2626 1016 2666 les fonctions de ministre n'est pas encore
276 2666 1026 2706 cceptée par le Sénat ; 2° parce que les
266 2706 1026 2752 chels du tiers-parti ont pris une résolution
264 2746 1018 2794 dont je dois les féliciter. MM. Emile Olli¬
260 2786 1026 2834 vier, Buffet, Talhouet et Latour-Dumoulin
256 2828 1022 2874 ont déclaré, en effet, qu'ils n'accepteraient
260 2866 1014 2914 pas de portefeuille tant que la responsa¬
258 2906 1018 2956 bilité ministérielle ne serait pas rétablie.
292 2950 392 3104 Donc,
292 2992 628 3142 Plus de ministère.
282 3098 954 3142 Pas de ministres nouveaux possibles.
300 3150 740 3182 Plus de Corps législatif.
300 3112 520 3262 Pas de Sénat.
296 3150 832 3304 Voilà, en résumé la situation.
282 3270 556 3426 Elle s'aggrave :
264 3386 1006 3426 De la surprise causée par la publication
256 3424 1020 3466 du décret de prorogation, inséré au Jour¬
252 3466 1006 3506 nal officiel avant d'avoir été communiqué
244 3506 1006 3546 aux Chambres, publication qui constitue
244 3546 1006 3586 une étrange infraction aux usages parle¬
250 3586 1006 3628 mentaires, au point de vue de la civilité
240 3634 610 3670 puérile et honnêtes;
256 3666 998 3706 Du mécontentement très-vif manifesté
232 3706 998 3750 par les cinquante-cinq invalidés, que cette
222 3746 998 3788 mesure suspensive met dans une situation
228 3786 1002 3826 des plus fâcheuses aux yeux des élec¬
222 3834 370 3868 teurs ;
272 3866 1010 3906 De la nouvelle généralement répandue
260 3906 1006 3946 t confirmée par une parole de M. Schnei¬
244 3946 1014 3990 der, que le Corps législatif ne sera plus
242 3986 998 4028 réuni avant le mois d'octobre. Les députés
258 4026 1012 4068 ont du reste été invités à venir toucher
234 4066 1010 4108 leur indemnité, ce qui permet de croire
248 4106 998 4150 qu'on ne compte pas les revoir le mois
234 4158 438 4192 prochain.
252 4254 1006 4298 J'ai beau examiner la situation sous
252 4294 1000 4338 toutes ses faces, je dois avouer que le
240 4334 1000 4378 décret prorogeant la Chambre demeure
232 4374 1006 4422 pour moi inexplicable. L'argument tiré
250 4414 1010 4460 des pratiques parlementaires, dans les
236 4454 1006 4502 pays constitutionnels, ne me touche pas.
244 4494 994 4542 On dit, en effet, que MM. Rouher, Baro¬
244 4536 1002 4582 che, la Valette, Forcade de la Roquette,
244 4578 1002 4622 ayant virtuellement cessé d'être minis¬
1104 196 1854 239 tres dans le sens politique du mot,
1128 238 1866 278 'ont plus l'autorité nécessaire pour venir
1104 278 1864 314 discuter les questions importantes soule¬
1112 318 1870 358 vées par la vérification des pouvoirs restés
1102 358 1326 394 en vidange.
1124 398 1876 436 Cette excuse ne supporte pas la discus¬
1104 438 1872 478 sion. Et comment admettre, alors, que des
1102 480 1870 518 ministres nouveaux, — en supposant
1108 522 1870 558 qu'on en trouve, — veuillent accepter la
1110 560 1874 598 responsabilité des actes électoraux de
1104 598 1866 638 leurs prédécesseurs et viennent défendre
1118 642 1866 678 des pratiques administratives d'un cabinet
1118 680 1870 718 tombé? Est-ce que cela est possible ? Peut-
1122 722 1854 758 on espérer qu'un homme politique, jouis
1104 758 1870 798 sant de son bon sens, consente à boire le
1102 802 1802 838 vin et la lie tirés par ses devanciers ?
1456 770 1500 920 «
1136 902 1870 936 Et le pays, le pays anxieux, que va-t-il
1098 942 1856 976 penser de ces événements qui se précipi¬
1108 980 1216 1010 tent ?
1120 1016 1868 1059 De la vigoureuse protestation faite
1108 1058 1856 1098 par M. Jules Favre au nom de toute la
1100 1098 1868 1138 gauche contre le décret de prorogation,
1104 1138 1856 1178 je ne veux retenir qu'une phrase, mais
1102 1180 1852 1216 cette phrase est typique et traduit exacte¬
1100 1218 1598 1254 ment le sentiment public :
1130 1260 1854 1296 « Le pays, a dit M. Jules Favre, deman¬
1090 1300 1854 1338 dait à être éclairé et à être rassuré. On
1092 1338 1858 1378 ajourne nos discussions et on prolonge
1104 1378 1662 1416 l'incertitude. Le pays jugera. »
1112 1422 1848 1458 Et, en effet, le pays qui n'est pas encore
1088 1458 1854 1498 en possession des réformes promises par
1100 1498 1848 1538 le message du 12 juillet, réformes qui ne
1104 1538 1848 1578 constituent du reste qu'un minimum, — le
1096 1578 1860 1614 pays, dis-je, constatera que, jusqu'à pré¬
1104 1618 1860 1656 sent, le plus clair de son bénéfice consiste
1112 1658 1862 1696 lans l'ajournement indéfini des déli¬
1100 1698 1846 1738 bérations des députés, ses élus, dans la
1110 1740 1850 1776 uppression des interpellations, dans l'é¬
1116 1778 1846 1818 ouffement de la discussion des troubles de
1102 1820 1850 1856 Paris, de Nantes, de Bordeaux et de Saint¬
1092 1858 1850 1898 Etienne, et dans la remise aux Calendes
1090 1902 1862 1938 grecques des révélations faites sur la mise
1104 1938 1852 1978 en mouvement du suffrage universel par
1092 1978 1412 2014 l'administration.
1112 2022 1850 2058 Il ne faut pas oublier d'autre part que les
1110 2060 1850 2098 ermes mêmes du message impérial ne
1080 2098 1850 2138 sont pas de nature à frapper vivement les
1108 2138 1850 2178 lecteurs. Une certaine subtilité politique
1084 2178 1850 2218 est nécessaire pour découvrir, au milieu
1102 2220 1846 2258 de ces affirmations du pouvoir personnel,
1078 2260 1842 2298 les concessions que j'ai constatées hier
1094 2300 1850 2338 avec une parfaite bonne foi, et avec une
1102 2340 1850 2378 atisfaction peut-être prématurée. Pour
1078 2382 1850 2418 tout le monde, on est entré dans la voie des
1104 2422 1856 2456 réformes par la petite porte, la porte dé¬
1078 2462 1846 2498 robée, et encore paraît-on déjà, par la pro¬
1078 2502 1850 2538 rogation de la Chambre, n'avoir laissé ou¬
1080 2540 1428 2574 vert que le Judas.
1090 2582 1850 2618 Or, quand on veut être suivi par le
1080 2620 1840 2656 pays, c'est par le plus immense des arcs
1106 2662 1838 2698 le triomphe qu'il faut passer. Le suffrage
1080 2702 1850 2738 universel n'aime ni les poternes secrètes
1112 2742 1592 2774 i les couloirs trop étroits.
2356 130 2688 280 Ce moyen, c'est la
1108 2853 1850 2894 En supposant que les intentions du gou¬
1086 2894 1838 2930 vernement soient pures de toute arrière¬
1092 2934 1842 2974 pensée, en mettant les choses au mieux, en
1078 2974 1834 3014 tenant pour acquis le vote des réformes
1090 3014 1842 3054 par le Sénat et la prompte convocation de
1078 3056 1838 3094 la Chambre, le coup de théâtre de la pro¬
1094 3096 1834 3134 rogation n'en reste pas moins une faute
1074 3136 1834 3174 grave. Et c'est là l'appréciation la plus
1090 3176 1698 3210 bienveillante que j'en puisse faire.
1110 3216 1838 3254 Qu'on y réfléchisse et on reconnaîtra
1090 3256 1846 3294 que lorsque le gouvernement se représen
1074 3298 1834 3334 tera devant les Chambres sa situation sera
1090 3338 1736 3372 encore plus difficile qu'aujourd'hui.
1108 3378 1840 3418 En totalité et comme corps politique, la
1076 3418 1836 3460 Chambre a été froissée, et du coup inatten¬
1078 3460 1844 3500 du qui la frappe, et de la façon dont elle l'a
1090 3506 1166 3540 reçu.
1104 3542 1848 3578 Les cinquante cinq membres invalidés
1070 3582 1840 3620 pardonneront difficilement le rôle que leur
1066 3622 1836 3660 fait le décret impérial. Déjà, ils ont rédigé
1092 3662 1836 3702 ne protestation, supplique qui doit être
1090 3702 1720 3740 emise ce soir même à l'Empereur.
1102 3742 1840 3780 La gauche, après délibération, a fait
1076 3782 1844 3818 connaître son sentiment par la voix de M.
1080 3822 1844 3858 Jules Favre, et les paroles mêmes du grand
1088 3862 1844 3898 orateur prouvent que si le message d'hier
1080 3902 1840 3938 avait produit une impression favorable, le
1082 3942 1804 3980 décret d'aujourd'hui en a détruit l'effet.
1092 4050 1844 4086 Enfin, le tiers-parti, qui porte, dans une
1072 4090 1836 4126 certaine mesure, devant l'opinion publique
1064 4130 1832 4166 la responsabilité de la crise que nous tra¬
1072 4170 1828 4206 versons, voyant les résultais déplorables
1058 4210 1836 4248 de ses hésitations, condamné, par souci de
1068 4250 1832 4286 sa propre dignité, à l'impuissance puis
1072 4290 1828 4326 qu'il lui est impossible d'entrer aux af¬
1060 4330 1840 4366 faires tant que la responsabilité ministé
1064 4370 1832 4406 rielle, minimum de son programme, n'aura
1070 4410 1830 4446 pas été rétablie — le tiers-parti, dis-je,
1062 4450 1844 4486 sera-t-il favorablement disposé pour le mi¬
1062 4490 1754 4528 nistère qui se présentera devant lui ?
1090 4530 1822 4568 Devant un parlement ainsi disposé, le
1076 4574 1828 4610 gouvernement n'aura plus qu'un moyen
1938 206 2296 242 de sortir d'embarras
1948 248 2124 278 lissolution.
1944 286 2676 322 Mais la dissolution ne sera qu'un chan¬
1922 328 2682 362 gement de juridiction. Les électeurs rem¬
1940 366 2692 402 placeront les députés, et qui peut dire, à
1940 406 2690 442 cette heure, si le jugement qu'ils rendront
1924 446 2690 482 sur la politique suivie, ne sera pas encore
1936 486 2690 524 plus sévère que celui des représentants de
1928 528 2124 558 la nation ?
1978 490 2558 644 Encore une fois, où allons-nous?
1940 694 2692 730 En commençant et en finissant mon
1920 734 2692 768 courrier par cette interrogation : « Où al¬
1918 774 2688 810 lons-nous ? » je n'ai pas eu la prétention,
1920 814 2684 850 on le comprendra, de deviner la station à
1932 854 2692 890 laquelle nous arrêtera la volonté du mé¬
1936 894 2680 930 canicien en chef de l'Etat. Nous sommes
1924 934 2684 970 dans le train, les portières sont fermées,
1924 974 2690 1010 mais, moins heureux que les voyageurs or¬
1936 1014 2694 1050 dinaires, nous payons notreplace, non pas
1928 1054 2686 1090 pour être conduits au point où nous vou¬
1920 1094 2682 1130 lons aller, mais bien pour être amenés à
1926 1136 2688 1170 l'endroit jugé préférable par celui qui nous
1936 1174 2696 1212 dirige. Il est très possible que nous allions,
1928 1214 2678 1250 en dépit des apparences, vers les contrées
1928 1254 2686 1290 heureuses où poussent les arbres de li¬
1926 1296 2682 1330 berté. Il n'est pas moins possible que notre
1924 1334 2694 1370 convoi ne nous entraîne vers les steppes
1942 1376 2586 1410 lacées où il ne pousse rien du tout.
1942 1416 2682 1450 Inutile de pencher la tête, inutile de
1920 1458 2672 1490 crier, inutile de chercher à deviner le but
1940 1498 2344 1530 le ce nouveau voyage !
1930 1538 2666 1574 La locomotive a sifflé. Dieu protége la
1940 1580 2076 1610 france !
2308 1550 2588 1700 HECTOR PESSARD.
270 4638 970 4804 Fenilleton du GAULOIS du 15 Juillet. — 2º 6
242 4810 998 4976 LA CHIFFARDE
600 4946 624 5096 VI
254 5074 1006 5124 Après le passage des promeneurs dont
246 5118 1002 5164 elle ne pouvait plus entendre les paroles,
242 5158 1006 5204 la Chiffarde avait bien vite sauté à bas de
254 5198 994 5244 'échelle, puis, courant au couloir sur le¬
246 5238 1010 5284 quel débouchait l'escalier dérobé, elle l'a¬
244 5278 1006 5326 vait suivi et était venue entr'ouvrir la porte
226 5330 488 5366 de l'impasse.
248 5358 1006 5406 Cette impasse, nous l'avons dit, était
228 5402 1000 5450 fermée par le mur même du jardin de
244 5440 992 5490 l'hôtel de Valdieuse, mur dans lequel se
228 5482 832 5530 trouvait percée une petite porte.
252 5522 1008 5570 Après une courte attente, le bruit de
236 5562 1004 5610 cette porte, qui se refermait, se fit entendre
248 5602 996 5650 et, par l'entrebaillement de la sienne, la
242 5642 998 5692 Chiffarde vit passer l'Anglais. Elle se rap¬
242 5682 1004 5732 pela aussitôt qu'elle avait vu Bob, arrivé
236 5722 996 5774 le premier au rendez-vous dans le massif ;
242 5762 994 5812 donc personne n'était venu lui ouvrir,
244 5802 990 5854 donc il avait une clef qui lui permettait de
244 5846 750 5894 s'introduire dans le jardin.
244 5884 992 5934 En longeant l'impasse, le coquin, qui
240 5922 990 5978 paraissait en proie à une colère sourde,
242 5970 610 6020 parlait à demi-voix.
256 6004 992 6054 — Goddam ! m'offrir cinquante francs
248 6042 994 6102 comme à un mendiant, je la rattraperai !
234 6084 996 6140 Est-ce que cette idiote-là se figure bonne¬
236 6126 1004 6182 ment que l'ami Bob n'a qu'une corde à
242 6186 374 6222 son arc.
242 6206 1004 6260 Après son passage, la Chiffarde referma
248 6246 990 6302 a porte et remonta chez elle en se di¬
246 6310 338 6344 ant :
240 6326 986 6378 — Mazette ! la petite duchesse est dans
234 6368 996 6424 des mains qui vont lui donner de l'agré¬
244 6408 1004 6466 ment. J'ai bien envie, pour toute ven¬
240 6454 826 6506 geance, de laisser faire ce Bob.
300 6492 992 6542 près une courte réflexion, elle ajou¬
234 6476 304 6628 ta :
240 6574 992 6622 — Ma foi ! non ; je veux être de moitié
260 6616 990 6666 ans le jeu du coquin ; — j'ai idée qu'il s'y
244 6670 488 6710 rouve à rire.
238 6694 986 6748 Et sur cette détermination prise, la belle
264 6750 560 6790 le se mit au lit.
250 6778 982 6828 Après une journée si complétement
244 6818 986 6874 emplie d'émotions et de fatigues, il était à
252 6856 988 6914 roire qu'elle allait aussitôt s'endor¬
238 6900 988 6956 mir ; mais le sommeil ne vint pas, et,
246 6936 992 6996 endant de longues heures d'insomnie, la
248 6978 978 7038 emme galante n'eut autre chose à faire
246 7046 450 7082 qu'à songer.
1080 4702 1828 4738 En se retrouvant dans son lit après l'a¬
1082 4742 1824 4778 voir si longtemps quitté, sa première pen¬
1084 4782 1820 4818 ée devait être pour le motif qui l'avait ar¬
1090 4822 1822 4858 ache de son domicile. Pour la seconde
1074 4862 1814 4898 fois de la journée, elle pensa donc à l'in¬
1078 4902 1820 4938 connu et au mystérieux rôle qu'il avait
1066 4942 1822 4980 joué auprès d'elle ; mais cette fois, le sou¬
1090 4982 1826 5020 venir vint lui rappeler les menaçantes pa¬
1076 5022 1822 5062 roles prononcées par cet homme à son dé¬
1072 5066 1826 5102 part : « Garde-toi bien, ma fille, car je te
1076 5102 1750 5142 comprendrai aussi dans la fournée. »
1094 5146 1822 5180 — Qu'est-il devenu? se demanda-t-elle ;
1064 5186 1828 5230 peut-être celui qui menaçait tant de
1080 5226 1820 5270 monde en bloc de sa vengeance est-il allé
1058 5266 1718 5308 se faire tuer à dix pas de chez moi?
1094 5306 1824 5348 Tout à coup une poignante idée s'em¬
1072 5346 1820 5390 para d'elle. Qui lui prouvait que ce n'était
1062 5388 1834 5428 pas cet homme qui, échappé au danger,
1086 5428 1826 5468 vait débuté dans son œuvre de sang, en
1072 5468 1834 5510 commençant par le marquis des Gargins.
1072 5510 1824 5550 Elle supposa que cet homme, où qu'il fût,
1060 5548 1820 5590 devait avoir appris par les détails du pro¬
1060 5590 1830 5630 cès combien était involontaire la part
1072 5626 1818 5670 qu'elle avait pu prendre au guet-apens et
1060 5668 1820 5710 elle espéra qu'il renoncerait à la com¬
1068 5710 1574 5750 prendre dans le châtiment.
1096 5748 1824 5788 — Bath ! fit-elle, pourquoi se prive¬
1060 5790 1828 5830 rait-il du bonheur de la vengeance. Je
1062 5830 1834 5868 me promets moi-même un trop vif plai¬
1076 5870 1822 5910 sir à briser la duchesse pour croire que
1062 5910 1822 5948 les autres doivent renoncer à se payer ce
1064 5950 1822 5990 même plaisir. Après tout, au petit bonheur !
1084 5994 1824 6030 Le jour se levait quand la Chiffarde s'en
1084 6038 1224 6068 lormit.
1092 6074 1816 6110 Elle s'éveilla fort tard et seulement
1058 6114 1820 6152 au bruit que faisait la camériste Mariette
1064 6154 1826 6190 tournant et retournant dans la chambre.
1108 6114 1824 6268 — Quelle heure est-il? demanda-t-elle.
1082 6234 1826 6268 — Midi, madame. Et voilà plus d'une
1070 6274 1824 6312 heure déjà qu'ils sont dans les salons tout
1056 6314 1828 6354 un fouillis de ducs, comtes et marquis qui
1056 6354 1822 6394 demandent, disent-ils, à baiser les doigts
1056 6398 1822 6434 de leur belle déesse et à la féliciter sur son
1056 6362 1180 6512 retour.
1086 6480 1818 6512 — Mariette, balaie-moi vite tous ces
1072 6520 1826 6558 ens-là. Est-ce qu'ils se figurent que mes
1056 6558 1820 6598 premiers jours de liberté vont être occu¬
1056 6598 1760 6638 pés à faire danser des chiens savants ?
1084 6643 1828 6674 — Ils se fâcheront et ne reviendront
1058 6686 1150 6721 plus.
1068 6722 1820 6758 — Dis-leur que je suis en conférence
1064 6762 1808 6802 avec mon marchand de melons, cela les
1056 6802 1792 6842 rendra plus empressés à reparaître ici.
1092 6762 1804 6918 — Enfin je vais leur signifier vos ordres.
1072 6882 1808 6922 On entendit dans les salons une rumeur
1064 6922 1820 6962 étouffée, puis un piétinement et le silence
1060 6970 1172 7000 se fit..
1084 6926 1534 7086 Mariette revint en riant ;
1908 4694 2642 4738 — Ah ! madame, dit-elle, vous les avez
1908 4740 2658 4778 udement apprivoisés ; ils avaient même
1904 4782 2642 4818 'air heureux d'être flanqués par vous à la
1912 4823 2016 4854 orte.
1910 4862 2646 4898 En parlant ainsi, la jolie soubrette ai¬
1912 4902 2642 4938 ait sa maîtresse à passer une toilette de
1902 4938 2018 4974 matin.
1908 4978 2650 5018 — Ainsi les salons sont libres ? demanda
1900 5018 2130 5054 la Chiffarde.
1900 5061 2648 5098 Plus un chat... ah ! non, je me trompe, il
1884 5100 2638 5138 y a encore un chat, mais celui-là se tient
1890 5142 2646 5178 dans l'antichambre où il fait la joie de Pe¬
1888 5182 2526 5218 luche qui prétend qu'il est en bois.
1934 5140 2300 5294 — Que veux-tu dire ?
1926 5262 2648 5298 — Qu'il y a là un homme, raide comme
1898 5302 2646 5338 un piquet, qui dit avoir besoin de parler à
1886 5342 2546 5378 Madame dont il prétend être connu.
1926 5300 2378 5454 — A-t-il donné son nom
1914 5422 2654 5458 — Oui, madame, et un nom qui, pour
1888 5462 2646 5498 être prononcé, n'exige pas qu'on se fende
1886 5502 2648 5538 la bouche jusqu'aux oreilles. Il se nomme
1896 5546 1992 5576 Bob.
1926 5502 2654 5658 —Bob, dis-tu? amène-le-moi au plus vite.
1914 5622 2650 5658 Et pendant que Mariette allait chercher
1886 5662 2644 5698 monsieur Bob, la Chiffarde murmurait en
1896 5702 2068 5738 souriant ?
1900 5742 2660 5778 — Décidément le coquin est intelligent,
1900 5788 2656 5818 il a deviné du premier coup qu'il y avait à
1896 5826 2324 5857 frire pour lui chez moi.
1918 5862 2656 5902 Une minute après, Bob, le nez au vent,
1892 5906 2640 5938 toujours calme et raide, entrait de son
1886 5946 2652 5982 pied prudent dans le cabinet de toilette de
1904 5986 2236 6022 la femme galante.
1910 6028 2642 6062 — Que désirez-vous, mon garçon? de¬
1888 6068 2324 6102 manda la belle blonde.
1922 6028 2638 6182 —Est-ce que Mme ne me reconnaît pas?
1918 6150 2646 6182 — Si, parfaitement. C'est vous, hier,
1888 6192 2636 6222 dont la déposition a mis mon procès sous
1900 6232 2144 6262 son vrai jour.
1908 6272 2640 6302 — Oh, oh ! sous son vrai jour ! fit Bob
1888 6310 2644 6342 en balançant la tête, j'aurais une bien
1890 6350 2634 6386 piètre idée de l'intelligence de Madame, si
1882 6390 2650 6426 je croyais qu'elle pensât un mot de ce
1902 6430 2270 6464 qu'elle vient de dire.
1914 6472 2632 6506 — Hein fit la Chiffarde surprise d'un
1880 6514 2146 6550 pareil apiomb.
1906 6554 2634 6586 — Madame sait très bien que je mentais
1896 6594 2440 6630 comme un arracheur de dents.
1932 6554 2296 6710 — Et dans quel but
1920 6674 2632 6710 — Voilà ; je m'étais dit : « Puisque tu ne
1888 6714 2636 6750 peux plus rester près de ta bonne let ex¬
1896 6754 2640 6790 ellente maîtresse, la vertueuse duchesse...
1906 6794 2632 6830 — Ah ! tu sais, mon garçon, fit la cour¬
1870 6836 2636 6870 tisane en goguenardant à son tour, ne
1876 6876 2640 6914 prends pas ton galop de ce côté-là, c'est
1872 6916 2636 6954 inutile. Ainsi, lâche ta bonne, et excellen¬
1888 6958 2648 6994 te, et vertueuse maîtresse ; je sais à quoi
1876 7000 2268 7034 m'en tenir là-dessus.
2780 4626 3436 4778 — Yf you please, dit Bob déconcerté.
2742 4744 3482 4778 — Je te dis que je connais au juste ce
2728 4786 3480 4818 que pèse ton dévouement pour la du¬
2720 4826 3472 4856 chesse. Maintenant, achève ta phrase :
2728 4868 3480 4898 donc, tu t'étais dit que n'ayant plus d'em¬
2736 4906 3484 4938 loi chez les Valdieuse... là, maintenant,
2724 4946 2892 4976 continue.
2742 4984 3470 5018 —... Si je pouvais trouver une maison
2724 5026 3188 5056 respectable, bien famée.
2762 4986 3338 5138 — Bob, tu n'est qu'un imbécile.
2766 5024 3182 5178 — Yf you please ? fit-il.
2742 5144 3470 5178 — Tu-n'es-qu'un-imbécile, articula la
2722 5186 3472 5218 Chiffarde, tu m'as bien compris, n'est-ce
2724 5226 3470 5258 pas ? Maintenant ouvre franchement ton
2724 5266 3112 5296 sac et sors ta malice.
2738 5306 3478 5342 — Yf you please, répéta encore Bob qui,
2728 5346 3476 5380 ne s'attendant pas, à rencontrer si forte
2724 5386 3472 5420 partie, se trouvait un peu pris au dépour¬
2724 5426 2792 5460 vu.
2726 5466 3474 5502 — Ne fais pas l'âne, Bob. Allons, étale
2716 5506 2868 5536 ton jeu.
2734 5546 3468 5582 — Y youplease, réitéra Bob qui se sen¬
2728 5586 3026 5622 tait perdre pied.
2726 5626 3470 5662 — Tiens, Bob, tu vois cette cravache
2710 5668 3472 5702 pendue au mur? Va me la chercher, mon
2730 5706 2972 5740 brave garçon.
2776 5670 3068 5820 3ob alla au mur.
2738 5790 3462 5822 — Non, pas celle-là... à côté, la plus
2712 5830 3232 5862 grosse .. très-bien, apporte.
2744 5866 3476 5904 Quand elle l'eut en main, la Chiffarde
2724 5910 3460 5944 fit siffler la cravache avec une vigueur
2708 5952 3460 5982 qui dénotait une grande habitude du ma¬
2720 5992 2884 6022 niement.
2722 6030 3470 6066 — Maintenant, dit-elle, écoute-moi,
2702 6070 3462 6106 maître Bob. Comme j'aime à croire que tu
2708 6110 3468 6146 n'es pas venu chez moi pour que je t'ap¬
2706 6150 3468 6186 prenne le français, je t'avertis qu'à ton
2716 6190 3476 6226 premier Yf you please, au lieu de te répé¬
2718 6230 3468 6266 ter la phrase, je te coupe la figure. C'est
2712 6272 3216 6302 bien entendu, n'est-ce pas?
2750 6230 3322 6384 — Parfaitement, fit Bob penaud.
2758 6270 3398 6426 — Ainsi donc, sois coquin à ton aise.
2738 6308 3240 6464 — Y/ you... commença Bob
2740 6350 3284 6504 La Chiffarde leva la cravache.
2726 6472 3468 6508 — Non, non, dit vivement Bob, je me
2716 6516 3456 6546 trompais ; je voulais dire : Qu'est-ce que
2712 6552 3060 6586 vous me donnerez?
2738 6512 3130 6666 — Qu'as-tu à vendre ?
2740 6554 3068 6706 — Un peu de tout.
2722 6674 3462 6710 — Par exemple, si je désirais un petit
2716 6714 3458 6750 ecret. Vends-tu des petits secrets... d'une
2696 6754 3180 6786 vingtaine de mille francs.
2746 6714 3296 6870 Bob fit une moue dédaigneuse :
2718 6835 3442 6870 — Je ne tiens pas l'article de paccotille,
2696 6879 2804 6910 dit-il.
2700 6918 3456 6954 On voit que Bob, quand il le voulait, sa¬
2692 6958 3156 6994 vait parler notre langue.
2738 6922 3444 7082 — Alors, tu fais l'article de luxe? de¬
3542 4706 4316 4742 manda la Chiffarde qui, tout en riant, se¬
3560 4746 3908 4778 couait la cravache.
3590 4706 4208 4862 — Oui, de grand luxe, reprit Bob.
3552 4826 4304 4864 Et, prenant la cravache des mains de la
3554 4866 3936 4898 courtisane, il ajouta :
3566 4906 4316 4942 — Je vais la reposer en place. L'intelli¬
3556 4946 4316 4984 gence de la langue française m'est venue
3544 4984 3792 5018 tout-à-coup.
3554 5020 4312 5064 — Puisque tu tiens l'article grand-luxe,
3558 5066 4314 5102 lis-moi ce que tu vendrais un secret pou¬
3540 5106 4020 5138 vant perdre la duchesse ?
3574 5144 4300 5182 — Mais, je ne sais rien sur la duchesse.
3570 5184 4308 5222 — Bob, retourne me chercher ma cra¬
3542 5226 4260 5262 vache, j'ai besoin de t'ouvrir les idées.
3556 5266 4304 5302 Bob tenait à parler, mais il voulait d'a¬
3536 5306 3908 5340 bord faire son prix.
3588 5266 4250 5426 — Non, vrai, là, dit-il, je ne sais rien.
3566 5386 4306 5426 — Alors, coquin, dis-moi donc pourquoi
3546 5428 4298 5466 elle te paie une pension, pour te prome¬
3554 5470 3950 5502 n
3558 5508 4306 5556 — Une pension? répéta Bob, qui avait
3538 5550 4298 5594 l'air étonné d'un homme auquel on ap¬
3534 5590 4186 5630 prend une nouvelle extraordinaire.
3562 5628 4298 5678 — Dis-moi aussi pourquoi, cette nuit,
3546 5670 4298 5714 dans le jardin, tu cherchais à lui escro¬
3538 5710 4302 5758 quer de l'argent? Veux-tu me faire croire
3546 5750 4300 5796 que, si tu ne la tenais pas par quelque in¬
3558 5790 4300 5834 amie, la duchesse de Valdieuse irait se
3534 5830 4286 5874 promener au clair de la lune avec un po¬
3538 5870 3928 5906 lichinelle de ta sorte.
3560 5910 4300 5954 Bob, se voyant percé à jour, cessa de
3538 5950 3758 5986 jouer au fin.
3558 5988 4282 6038 — Ah ! dame ! vous en direz tant ? dit-il
3548 6030 3874 6070 en secouant la tête.
3556 6070 4294 6118 — Voyons, sois franc. Qu'as-tu tiré de
3560 6110 4282 6158 duchesse depuis un mois qu'elle est
3552 6150 3684 6184 nariée ?
3552 6190 4282 6238 — Peuh ! peuh ! une misère... tout au
3540 6234 3974 6274 plus quinze mille francs.
3562 6272 4288 6316 — Qu'est-ce que ça vaut donc ? si quinze
3534 6314 4208 6354 mille francs te semblent une misère?
3540 6350 4292 6396 — Au bas mot, cela vaut cent mille
3530 6394 3984 6430 francs pour la duchesse.
3586 6354 3936 6510 — Et pour un autre ?
3542 6472 4282 6518 — Aussi cent mille francs ; mais alors
3528 6514 4286 6558 on réserverait une part pour ce bon Bob
3524 6554 4278 6598 dans l'opération, reprit le coquin d'un pe¬
3526 6594 3746 6630 tit air doux.
3530 6634 4286 6678 — Et tu dis que ton opération vaut cent
3532 6674 4290 6718 mille francs ? insista la Chiffarde, qui l'é¬
3524 6714 3828 6750 coutait étonnée.
3544 6754 4292 6798 — Dame une affaire qui ferait suer les cinq
3514 6796 4278 6838 ou six millions dont se composera la suc¬
3520 6834 4286 6886 cession du duc et laisserait la petite du¬
3544 6874 3892 6918 hesse sur la paille.
3576 6850 4104 7002 La Chiffarde bondit vers Bob.
3554 6884 3818 7038 — Dis-tu vrait
3570 6928 4224 7092 — Vrai comme le soleil nous éclaire.
4386 4708 5138 4768 La Chiffarde en voulait à la duchesse,
4374 4752 5122 4802 mais si elle était vindicative, elle était de
4378 4792 5126 4842 fois plus avide. Cette perspective de mil¬
4376 4834 4840 4870 lions à prendre l'éblouit.
4394 4872 5140 4922 — Je donne les cent mille francs que
4378 4914 5134 4966 tu demandes de ton secret, s'écria-t-elle,
4380 4950 5038 5002 et je ferai la spéculation moi-même.
4424 4910 4752 5072 Bob secoua la tête.
4396 5026 5128 5084 — Il n'y a qu'un malheur dans l'affaire.
4388 5070 5134 5122 C'est que la spéculation ne peut être ten¬
4366 5112 4806 5156 tée que par un homme.
4406 5068 4658 5230 — Ce sera toi.
4408 5110 5142 5282 — C'est impossible..... malheureuse¬
4380 5156 4460 5306 ment
4408 5274 5128 5326 — Il faudrait donc un tiers dans le
4380 5316 4496 5346 ecret ?
4390 5354 5134 5406 — Il n'y a pas moyen de faire autre¬
4366 5398 5138 5446 ment, si on veut mener la chose à bonne
4358 5442 4606 5478 fin, dit Bob.
4402 5402 4654 5558 Puis il ajouta :
4398 5520 5126 5566 — Il est vrai qu'on trouve toujours faci¬
4372 5562 5128 5606 lement le moyen de se débarrasser d'un
4372 5602 4648 5638 associé gênant.
4382 5644 5120 5686 Bob, en disant cela, avait l'air de parler
4372 5682 4754 5722 pluie et beau temps.
4394 5724 5116 5766 — Et, cet homme trouvé, tu parleras
4376 5762 4766 5802 demanda la Chiffarde.
4378 5802 5114 5850 — J'étais si certain de m'entendre avec
4362 5846 5130 5890 madame, que j'avais d'abord pris la liberté
4356 5886 5118 5930 grande de lui chercher moi-même son
4366 5924 5134 5966 homme. Je l'ai amené avec moi, il m'at¬
4354 5964 5134 6010 tend en bas, dans la cour, sans rien savoir
4364 6002 4848 6042 de ce qu'on lui demandera.
4406 5970 5002 6130 — L'affaire faite, tu t'en charges ?
4372 6086 5118 6134 — Soyez tranquille, dit Bob dont l'œil
4384 6130 4992 6172 ris étincela d'une froide cruauté.
4404 6090 4796 6248 Et il demanda ensuite :
4382 6208 5110 6254 — Dois-je dire à mon homme de mon¬
4366 6248 5118 6294 ter? sa présence est nécessaire au récit
4356 6290 4750 6326 que j'ai à vous faire.
4370 6328 5106 6378 — Mais es-tu bien sûr que cet homme
4350 6370 4812 6406 est celui qu'il nous faut ?
4394 6328 4814 6490 — Il a la qualité voulue,
4386 6368 4606 6522 — Laquelle ?
4378 6488 5114 6538 — C'est une parfaite canaille... ce qui
4356 6530 5116 6576 nous laisssera moins de regrets le jour où
4360 6570 4992 6614 périra d'accident, répondit Bob.
4374 6608 5122 6656 — Va donc le chercher, ordonna la Chif¬
4360 6652 4448 6682 farde.
4684 6674 5008 6824 UGÈNE CHAVETTE.
4448 6764 4776 6918 La suite à demain.)
2776 210 3498 246 A l'heure qu'il est, la Prusse a dépensé
2744 248 3504 282 132 millions de francs pour faire de sa marine ce
2756 286 3506 318 qu'elle est, c’est-à-dire pour la mettre à peu
2746 320 3356 350 près au niveau de la marine danoise.
2768 362 3500 398 Le bey de Tunis est aussi en veine de
2746 400 3516 434 concessions. Il vient de consentir à la formation
2752 434 3512 470 d'une commission internationale, chargée de ré¬
2760 470 3510 506 tablir l'ordre dans les finances de la Régence et
2748 506 3478 542 de payer les intérêts de la dette tunisienne.
3058 550 3510 584 Le secrétaire de la rédaction.
3164 590 3440 620 LÉON ESTOR.
2038 1810 2580 1966 Nouvelles politiques.
1948 2010 2668 2054 La république a été proclamée à l'ile
1936 2050 2684 2090 aint-Michel et à Madère. Le motif de cette
1926 2084 2684 2126 manifestation, qui a exigé l'envoi de troupes et
1934 2120 2674 2162 le navires de guerre, est la lourdeur des im¬
1908 2156 2008 2186 pôts.
1940 2110 2576 2270 On croit à un changement de ministère.
1940 2238 2674 2286 Le clergé catholique a été assimilé au
1916 2278 2566 2322 protestant, pour les dotations en Irlande.
1942 2328 2632 2374 On a retiré le droit de siéger dans
1936 2370 2612 2410 hambre des lords aux évêques irlandais.
1952 2414 2664 2458 On vient d'ordonner la vente de tous les
1908 2454 2680 2494 biens de l'Etat qui étaient affectés en Espagne
1924 2490 2416 2528 au patrimoine de la Couronne.
1932 2538 2666 2586 Le maréchal Prim paraît avoir fait une
1916 2578 2668 2618 réponse évasive à une lettre que, d'après l'Indé¬
1916 2610 2684 2654 pendance belge, M. Olozaga lui aurait adressée,
1922 2650 2672 2690 lui donnant des conseils et des règles de con¬
1914 2684 2170 2718 duite politique.
1932 2746 2652 2786 MM. Buffet et Segris ont été appelés
1910 2786 2674 2822 Saint-Cloud le 13 juillet, pendant la séance du
1924 2824 2180 2854 Corps législatif.
1934 2876 2676 2914 Un décret impérial, qui va paraître ces
1906 2914 2680 2950 jours-ci, convoquera la Chambre pour le 20
1902 2950 2666 2986 août. L'Empereur pense, en agissant de la sorte,
1906 2986 2670 3022 couper court à tous les commentaires auxquels
1902 3022 2670 3054 pourrait donner lieu la prorogation du Corps lé-
1908 3058 2672 3088 gislatif avant la fin de la vérification des pou¬
1908 3090 2020 3126 voirs.
1924 3138 2680 3172 D'un autre côté, on prétend que le décret de
1904 3174 2666 3210 prorogation ne précède que de peu de jours le
1904 3212 2672 3242 décret de dissolution des Chambres et de con¬
1924 3246 2668 3280 vocation des électeurs. Rien ne nous autorise
1904 3282 2596 3314 encore à prendre cette nouvelle au sérieux.
1926 3332 2670 3374 On assure que M. de Forcade a été chargé
1916 3374 2674 3410 par l'Empereur de composer un nouveau minis¬
1900 3406 1988 3437 tère.
1906 3446 2666 3482 D'une autre source d'information, nous appre¬
1900 3478 2672 3516 nons que M. de Forcade préférerait à cette qua¬
1906 3514 2664 3550 si-présidence du Conseil des ministres, les fonc¬
1908 3550 2666 3590 tions de ministre-président du conseil d'Etat
1928 3592 2484 3622 u'il ambitionne depuis longtemps.
1938 3644 2664 3682 Les cinquante-cinq membres du Corps lé¬
1908 3682 2668 3720 gislatif dont les pouvoirs n'ont pas encore été
1912 3718 2672 3756 validés, et qui ont été surpris par le décret de
1898 3754 2668 3792 prorogation de la Chambre, auraient adressé à
1916 3790 2678 3826 l'Empereur une lettre que M. Clément Duvernois
1928 3822 2662 3862 eserait chargé de remettre entre les mains de
1908 3860 2080 3890 Napoléon.
1914 3912 2666 3958 M. Menabrea, d'accord avec ses collègues,
1900 3954 2670 3994 vient d'adresser à la Bavière, à Bade, à la Prusse,
1908 3990 2664 4028 au Wurtemberg, à la Hongrie, un projet de note
1902 4024 2658 4066 identique à faire parvenir à la cour de Rome,
1900 4058 2388 4094 avant l'ouverture du concile.
1916 4102 2662 4150 Le congrès israélite, dont nous avons
1890 4144 2654 4182 parlé, s'est réuni à Leipzig. Il a adopté les réso¬
1890 4178 2650 4218 lutions suivantes : le Mosaïsme est d'accord avec
1886 4214 2658 4254 les principes modernes, scientifiques ou poli¬
1886 4250 2666 4290 tiques; l'instruction religieuse ne doit avoir
1894 4286 2666 4326 pour but principal que l'enseignement de la mo¬
1886 4322 2654 4362 rale ; l'instruction primaire et secondaire ne sau¬
1886 4358 2662 4398 rait en rien se prêter à tout ce qui est de nature
1906 4392 2650 4428 à provoquer des controverses religieuses.
1890 4430 2664 4468 Le synode a constitué, en outre, un comité de
1894 4466 2660 4504 quinze membres, charge d'organiser l'émigration
1912 4502 2650 4538 les juifs, aujourd'hui réunis dans la Russie oc¬
1888 4538 2654 4574 cidentale, et de les diriger vers des contrées où
1908 4574 2520 4604 ls pourraient se livrer à l'agriculture.
2824 716 3464 866 L'ESPRIT DES AUTRES
2768 904 3504 934 Si le Sénat gagne un président nouveau,
2776 942 3388 974 barreau perd un avocat ancien.
2776 982 3516 1014 M. Félix Platel, de l'Impartial du Rhin,
2744 1022 3516 1052 raconte une conversation entre M. Rouher
2740 1064 3508 1094 et un de ses amis, qui montre que l'ex¬
2740 1104 3504 1134 ministre n'aurait pas été éloigné de rem
2744 1142 3516 1174 placer le portefeuille par une serviette. La
2752 1184 3512 1214 sonnette sénatoriale tintait peut-être déjà
2756 1220 3504 1254 à ses oreilles quand il se montrait si dé¬
2758 1262 3158 1294 gagé devant ses amis.
2758 1310 3502 1342 — On se trompe étrangement, disait-il,
2752 1348 3496 1378 quand on croit que je tiens au pouvoir. Je suis
2748 1384 3496 1414 prêt à le quitter avec un vif bonheur. Il n'y a
2736 1416 3496 1450 que deux personnes qui m'en empêchent :
2736 1454 3500 1486 l'Empereur, qui veut bien croire que je puis
2734 1490 3494 1522 lui être encore utile, et mon médecin, qui
2736 1522 3506 1558 prétend que le travail est nécessaire à ma
2748 1562 2848 1592 santé.
2760 1602 3496 1636 Et il ajouta en souriant: « Quant à mon mé¬
2752 1640 3508 1670 decin, je le persuaderai facilement en lui pro¬
2736 1674 3504 1706 mettant qu'aussitôt descendu du pouvoir
2752 1712 3296 1742 j'entrerai au barreau de Paris. »
2768 1748 3508 1778 Et comme son ami riait, M. Rouher s'écria :
2748 1784 3496 1814 — Et pourquoi pas ? ça me rappellera les
2734 1818 3494 1850 premières et les plus belles joies de ma vie...
2736 1856 3504 1886 Je parie que je gagnerai encore là quarante
2740 1892 3096 1922 mille francs par an.
2768 2006 3504 2038 M. Ernest Picard éprouve le besoin d'ex¬
2738 2048 3504 2080 pliquer son option pour l'Hérault ; lais¬
2742 2086 3006 2120 sons-le faire :
2750 2142 3506 2174 Avant d'opter entre Paris et l'Hérault,
2772 2174 3506 2210 crit-il, j'ai consulté mes collègues et re¬
2756 2210 3502 2246 cueilli jusqu'au dernier moment les opi¬
2772 2246 3156 2276 ions de mes électeurs.
2758 2282 3498 2314 La détermination que j'ai prise m'a été dic¬
2752 2318 3500 2350 tée par eux, mais je m'y suis conformé parce
2756 2354 3496 2386 que j'avais la conviction d'accomplir le de¬
2768 2392 3496 2422 oir que le temps présent nous impose, en
2744 2428 3496 2458 laissant libre la circonscription qui offre le
2740 2462 3498 2494 moins de chances à la candidature officielle.
2748 2494 3494 2530 Les liens qui m'attachent à Paris, n'en res¬
2756 2530 3490 2566 teront pas moins intacts, je l'espère. Ce n'est
2738 2566 3490 2598 pas devant les électeurs qui m'ont soutent
2754 2602 3494 2634 depuis dix ans avec tant d'affection que j'au¬
2756 2640 3504 2670 rai besoin de justifier ma conduite. Je pense
2752 2674 3496 2706 n'être jamais en plus grande harmonie avec
2752 2712 3500 2742 eux que le jour où je mets l'intérêt général
2760 2748 3324 2778 u-dessus de toute considération.
3116 2738 3140 2888 *
2746 2874 3506 2910 La discussion sur la lettre de Galilée se
2736 2914 3500 2950 poursuit, sans résultat d'ailleurs, à l'Aca
2748 2954 3496 2988 démie des sciences. M. Chases soulient
2760 2994 3502 3030 nordicus que cette lettre, datée du 5 no¬
2764 3034 3502 3070 embre 1639, est bien authentique. M.
2756 3074 3500 3110 Leverrier affirme qu'elle a été copiée dans
2758 3114 3502 3150 Abberi; et c'est une petite guerre amu¬
2746 3154 3506 3190 sante, vraiment, que celle de ces deux sa¬
2742 3194 3494 3230 vants devenus experts en écritures pri¬
2746 3234 3494 3270 vées et se renvoyant de petits arguments
2736 3276 3506 3310 pointus qui n'attaquent que l'épiderme
2736 3314 3236 3348 sans convaincre personne.
2768 3356 3502 3390 L'un des arguments pointus lancés par
2736 3396 3438 3430 M. Leverrier, est la cécité de Galilée.
2744 3454 3498 3490 Galilée dit très bien : « J'ai perdu un œil
2740 3490 3508 3522 il y sept mois ; je viens de perdre l'autre,
2752 3526 3504 3558 t je ne pourrai avancer que très lentement
2744 3562 3504 3594 dans le travail que vous me donnez, car il
2732 3598 3496 3628 me faut maintenant, pour compulser, une au¬
2744 3634 3486 3666 tre vue que la mienne, et mes amis viennent
2754 3668 3496 3702 arement me voir. » Ailleurs, il fait écrire
2732 3702 3490 3738 par son fils Vincent que sa constitution n'é¬
2732 3738 3504 3768 tait pas trop mauvaise, mais qu'il était en¬
2732 3776 3492 3806 tièrement aveugle, et que son regard était
2728 3810 3504 3840 maintenant limité au petit espace qu'occupait
2740 3848 2912 3878 son corps.
2740 3880 3482 3915 Il est donc établi aussi complétement que
2760 3920 3500 3950 ossible qu'en novembre 1638, Galilée était
2748 3954 2892 3984 veugle.
2742 4006 3486 4040 M. Dumas intervient et sépare momen¬
2724 4050 3216 4082 tanément les combattants.
2752 4102 3484 4136 Je reçois, dit-il, une note de M. Govi, à
2740 4140 3484 4170 propos de la lettre du 5 novembre 1639 attri¬
2728 4176 3000 4206 buée à Galilée.
2732 4224 3488 4254 Notre confrère M. Chasles a fait photogra¬
2736 4260 3488 4290 phier l'autographe qu'il attribue à Galilée, et
2744 4296 3496 4326 a adressé à M. Govi. pour que l'on puisse
2720 4330 3492 4361 en contrôler l'authenticité à Florence même.
2730 4366 3492 4398 Une commission a été nommée ayant pour
2718 4398 3484 4432 président le directeur de la bibliothèque na¬
2716 4434 3486 4470 tionale. Cette commission envoie aujourd'hui,
2720 4470 3488 4500 par l'entremise de M. Govi, le résultat de ses
2720 4508 3492 4538 investigations. Elle atteste que la lettre du 5
2748 4544 3488 4574 ovembre 1639 n'a jamais été de Galilée : le
2720 4580 3088 4610 doute est impossible.
3582 210 4336 246 Les membres de la commission ajoutent
3560 246 4336 278 qu'il leur paraît vraisemblable que ce docu¬
3568 278 4326 318 ment a été copié sur la deuxième édition des
3556 314 4160 350 Œuvres de Galilée, parue en 1856.
3580 366 4332 404 M. Chasles va riposter. Partie remise ;
3584 406 4336 444 nous vous tiendrons au courant des suites
3580 446 3998 482 de ce combat courtois.
3940 444 3980 594 se le
3598 566 4332 602 Cela n'empêche pas les spectateurs de
3574 606 4328 642 prendre, comme dans les assauts de boxe
3586 646 4324 682 anglais, parti pour l'un des combattants,
3578 686 4332 722 ou demander qu'on cesse le combat ; de
3570 726 4328 762 ce nombre est M. Sainte-Claire-Deville, qui
3588 766 4332 802 demande qu'on consacre les séances à de
3576 806 4036 840 plus intéressants débats.
3594 852 4332 890 — De semblables séances tueraient M.
3588 890 4336 926 Chasles, dit-il, et ne seraient en rien utiles à
3572 928 3768 958 la science.
3578 960 4328 998 — En présence de pareilles raisons, dit le
3590 998 4328 1034 directeur de l'Observatoire, je n'ai plus qu'à me
3566 1034 4340 1068 taire. Vous avez, Monsieur Deville, une manière
3578 1068 4332 1104 de vous exprimer qui rend toute discussion
3574 1104 3770 1138 impossible.
3588 1138 4330 1174 — Il ne s'agit pas de vous taire, inter¬
3568 1174 4336 1210 rompt M. le président, mais de ne pas acca¬
3586 1210 4108 1246 parer les séances tout entières.
3582 1330 4344 1366 Voici un ouvrage d'une importance réel¬
3572 1370 4330 1406 le, un véritable livre qui doit être signalé,
3572 1410 4346 1446 dès son apparition, aux amateurs et aux
3576 1450 4336 1486 artistes. Il est instructif comme un traité
3572 1490 4342 1526 et attachant comme un roman. C'est de
3576 1530 4342 1566 l'histoire et de la critique et c'est gai comme
3576 1570 4336 1606 une fantaisie humo ristique. La musique
3574 1612 4330 1648 y sert de prétexte à la géographie, à l'eth¬
3574 1654 4332 1688 nologie, à l'archéologie, a tous les beaux¬
3578 1694 4326 1730 arts, cela va sans dire, et même — qui le
3578 1734 4330 1770 croirait ? — à la politique, où l'harmonie
3586 1774 4330 1810 'est pourtant pas une règle. Ce livre, cette
3578 1814 4330 1850 encyclopédie plutôt, s'intitule : la Musique,
3562 1854 4342 1886 les Musiciens et les Instruments de musi¬
3574 1894 4330 1930 que chez les différents peuples du monde.
3598 1938 4322 1974 La base de ce livre est cette majes¬
3566 1976 4322 2014 tueuse synthèse sociale, artistique et in¬
3566 2018 4318 2054 dustrielle, qui s'est appelée l'Exposition
3578 2058 4332 2094 internationale de 1867. Sous le quadruple
3566 2098 4332 2134 rapport de l'organisation, de l'exécution,
3594 2136 4330 2174 les instruments et des ouvrages didacti¬
3586 2176 4330 2214 ques, la musique fut représentée à l'Ex¬
3562 2214 4320 2254 position universelle avec une importance
3568 2254 4336 2294 sans précédent. Un livre était donc à faire
3574 2294 3950 2330 sur ce sujet si vaste.
3588 2334 4326 2374 M. Oscar Comettant, qui a le double
3594 2378 4330 2414 vantage d'être musicien et d'être litté¬
3568 2418 4334 2454 rateur, a eu le courage de l'entreprendre
3576 2460 4020 2490 et le talent de le réussir.
3576 2566 4332 2602 L'ouvrage se divise en quatre parties
3568 2608 3816 2638 principales :
3590 2644 4328 2683 Dans la première partie, après avoir rap¬
3578 2686 4316 2722 pelé en quelques pages l'histoire toute ré¬
3586 2726 4320 2762 ente des expositions industrielles, l'au¬
3562 2766 4336 2802 teur passe à l'organisation générale de
3578 2806 4320 2842 l'Exposition universelle de 1867, pour en¬
3570 2846 4332 2882 trer dans le détail de l'organisation tou¬
3590 2886 4162 2922 hant les choses de la musique.
3578 2926 4320 2962 La seconde partie est consacrée à l'exé¬
3584 2968 3896 2998 ution musicale.
3590 3006 4320 3044 La troisième s'occupe des méthodes et
3586 3046 4134 3082 lu matériel de l'enseignement.
3590 3086 4330 3126 Enfin la quatrième partie s'occupe des
3590 3126 4226 3162 nstruments divers de chaque pays.
3570 3163 4318 3207 On le voit par ce rapide aperçu, c'est un
3590 3206 4334 3246 nonument véritable à la mémoire de l'art
3582 3246 4330 3286 musical de tous les peuples représentés à
3578 3286 4330 3326 l'Exposition universelle, c'est-à-dire de
3576 3322 4330 3366 tous les peuples du monde, y compris les
3562 3364 4330 3406 peuplades sauvages de l'Afrique et de
3580 3406 4322 3446 'Amérique, que M. Oscar Comettant a
3564 3446 3692 3476 édifié.
3592 3486 4314 3526 J'ai parlé de la partie gaie de ce livre,
3576 3526 4318 3566 en voici un échantillon. L'auteur parle de
3584 3564 3760 3598 a Suisse :
3590 3616 4322 3658 — Cassettes à musique, boîtes à musique,
3588 3654 4330 3694 abatières à musique, montres à musique,
3572 3690 4312 3728 pendules à musique, joujoux à musique
3564 3722 4328 3762 pièces mécaniques à musique, carillons à mu¬
3590 3760 4328 3798 ique, fauteuils à musique, voilà la Suisse
3578 3794 3936 3830 nusicale tout entière.
3564 3830 4322 3870 J'ai parlé de fauteuils à musique ; ce n'est
3556 3866 4322 3906 pas une invention qui vienne de moi. Elle
3580 3902 4322 3942 xiste, j'en ai vu l'annonce dans les journaux
3552 3938 4324 3974 et elle a grande chance de réussite partout.
3554 3974 4324 4010 C'est si commode et si agréable ! On s'asseoit
3562 4008 4318 4046 sur la cavatine du Barbier, en s'étend sur le
3556 4042 4322 4082 septuor de Lucie, on se répose sur le trio de
3560 4078 4322 4118 Guillaume Tell, et l'on écoute sans la moin-
3556 4114 4318 4152 dre fatigue la mélodie qu'on doit à la pesan¬
3550 4150 4064 4186 teur spécifique de ses chairs.
3554 4184 4314 4226 — Que Madame X.. m'a fait plaisir l'autre
3548 4222 3940 4256 soir avec l'air de Grâce.
3582 4176 4098 4334 — Elle chante donc Mme X...
3584 4210 3696 4366 — Non,
3586 4248 4162 4406 — Elle joue du piano sans doute ?
3600 4282 3886 4438 — Pas davantage.
3596 4318 4006 4474 — De la harpe en ce cas ?
3588 4354 3868 4510 — Encore moins.
3584 4470 4306 4510 — Du violon, alors, du violoncelle, de la
3568 4506 4064 4542 uitare ou de la contrebasse ?
3570 4540 4304 4578 — Rien de tout cela, elle s'asseoit; mais
3548 4578 3896 4614 quel coup d'archet !
4410 218 5150 254 On m'a rapporté le dialogue suivant entre
4406 252 5146 290 un jeune poète, blond, rêveur et sentimental,
4422 290 5158 326 ui cherche le bonheur dans les nuées, et
4410 324 5162 358 une brune mûre de l'école réaliste qui le
4404 358 4688 390 veut sur la terre.
4414 392 5132 430 — Madame, encore une de ces ravissante
4416 430 5156 466 nélodies qui semblent un soupir de votre
4408 466 4652 498 âme attendrie.
4418 500 5144 538 — Voulez-vous que je m'asseoie sur la Fa¬
4398 536 4510 570 vorité ?
4408 570 5160 610 — Votre fauteuil harmonieux, madame,
4408 606 4856 642 n'a-t-il rien de Pergolèse ?
4418 640 5158 682 — Tous les airs que je puis vous offrir
4402 680 4974 714 sont postérieurs à ce compositeur.
4418 784 5144 822 La Liberté se donne la peine de traduire
4400 822 5142 862 les trente-deux degrés marqués par le
4394 864 5158 902 thermomètre en langage pratique gradué
4406 906 5014 942 sur les degrés de l'échelle sociale.
4416 962 5148 1002 Le limonadier. — Enfin ! voilà donc un
4412 998 5152 1034 emps à glaces et à chopes. Il s'est fait at¬
4402 1034 4930 1070 tendre. Qu'il soit le bienvenu !
4402 1070 5150 1110 Le directeur de théâtre. — Brigand de
4418 1106 5146 1146 emps ! Trente-deux degrés à la porte, trente
4402 1142 5148 1178 francs dans la salle. Est-ce que ça ne va pas
4400 1174 4616 1210 bientôt finir.
4424 1210 5148 1250 Le maître baigneur. — Allons ! ça va bien :
4392 1246 5160 1286 deux mille neptunes hier, trois mille tritons
4402 1283 5146 1320 aujourd'hui. Pour peu que cela dure, j'achè¬
4412 1318 5156 1358 erai cet hiver la petite maisonnette de La
4400 1356 4576 1386 Varenne.
4402 1390 5150 1430 Le charbonnier. — Fichtra! ça va mal, ou
4394 1426 5154 1466 plutôt ça ne va pas du tout. On ne mange
4390 1462 5146 1498 que des artichauts crus, des melons, des
4396 1494 5142 1534 cerises et des figues. Si cela continue, je n'ai
4424 1534 4862 1566 lus qu'à fermer boutique.
4404 1566 5148 1606 Les omnibus d'eau. — Embarque ! embar¬
4412 1602 5158 1642 rue ! on n'attend pas. Le n° 375 pour le se¬
4404 1638 4632 1670 cond départ !
4412 1674 5146 1714 Le marchand de billets. — Une stalle pour
4402 1710 5146 1750 les Français, mon bourgeois. Quinze sous !
4410 1746 5146 1784 Une pièce de M. Octave Feuillet, académi¬
4408 1782 4492 1814 ien.
4416 1818 5148 1856 Un lézard.— Bon petit temps, bien gentil,
4392 1854 5140 1892 bien tiède. Si mon pauvre cousin Méry était
4412 1810 4432 1960 à.
4400 1926 5156 1962 Une grenouille.— Les marais se dessèchent,
4408 1962 5160 1998 les sources tarissent, les ruisseaux gémissent
4402 1998 5148 2034 de ne plus pouvoir murmurer, les étangs
4390 2034 5152 2070 ont soif et les fossés sont envahis par les
4420 2070 4878 2106 ats. Sœurs, il faut mourir !
4768 2052 4788 2202 *
4408 2170 5154 2206 Le général Margueritte publie un volume
4410 2210 5152 2246 urieux et vivant sur les Chasses de l'Al¬
4390 2250 5164 2286 gérie, et raconte sous quels auspices il a
4402 2290 5152 2326 débuté dans la carrière cygénétique et
4402 2330 5164 2366 quel fut son premier compagnon, un Bé¬
4406 2370 5132 2406 doin de la balle, je vous prie de le croire.
4406 2410 5156 2446 Ils avaient suivi tous deux les traces
4390 2450 5154 2488 d'une panthère pendant tout le jour; le soir
4406 2490 5158 2526 venu, ils la virent entrer dans une caverne
4410 2530 5160 2566 à l'orifice de laquelle El Mokhtar se hâta
4408 2570 5146 2610 de mettre le feu à des broussailles, dont il
4400 2610 5156 2648 dirigea la fumée à l'intérieur avec son
4392 2650 4580 2682 burnous.
4440 2610 5082 2770 Mais je laisse la parole au narrateur.
4420 2746 5148 2786 Après une demi-heure de ce manége que
4388 2782 5152 2822 nous avions cru devoir être efficace, la bête
4410 2818 5156 2858 e se décidant pas à sortir, j'allais proposer
4390 2854 5152 2894 à El Mokhtar de nous en aller, lorsque je le
4390 2890 5144 2930 vis se défaire de ses vêtements, enrouler son
4408 2926 5150 2966 ournous comme un manchon autour de son
4406 2962 5154 3002 avant bras gauche, et, sa main droite armée
4402 2998 5150 3034 de son couteau à raser, se mettre à plat ven¬
4388 3034 4950 3070 tre pour entrer dans la caverne !
4444 2986 4862 3142 — Que fais-tu ? lui dis-je.
4414 3102 5150 3142 — Tu le vois bien ! Puisqu'elle ne veut pas
4396 3138 5018 3178 sortir, je vais aller lui couper le cou.
4408 3174 5152 3214 Et il se glissa la tête la première dans
4386 3210 5148 3250 l'entrée de la caverne !... Je l'appréhendai au
4402 3246 5150 3284 corps et lui intimai d'en rester là de son en¬
4404 3282 5154 3322 treprise, qui me paraissait insensée... j'eus
4402 3318 5154 3358 toutes les peines du monde à l'empêcher de
4390 3356 4804 3386 la mener jusqu'au bout.
4404 3386 5150 3430 — « Je connais ce trou, me dit-il. Il est
4400 3422 5152 3462 assez étroit pendant quelques pas, mais en¬
4392 3458 5146 3502 suite il s'élargit, on peut s'y tenir debout...
4412 3494 5148 3536 uand la panthère s'élancera sur moi, je lui
4408 3530 5150 3570 résenterai mon bras gauche, et pendant
4400 3566 5150 3604 qu'elle mordra dans le burnous, je lui ouvri¬
4382 3602 5134 3642 rai le ventre avec mon coteau. J'ai fait cela
4398 3638 4878 3674 souvent avec des hyènes... »
4396 3698 5152 3740 Parmi les tribus les plus acharnées à la
4396 3738 5142 3782 chasse du lion, est celle de Beni-Mahrez,
4384 3778 5152 3818 et l'origine de cet acharnement est dans
4390 3818 5152 3858 les dommages énormes que ces animaux
4388 3858 4848 3894 y causent chaque année.
4414 3912 5138 3954 Voici la moyenne des bestiaux mangés en
4396 3946 5134 3990 onze ans par les lions et les panthères aux
4408 3982 4628 4014 eni-Mahrez :
4476 3946 5018 4110 hevaux, juments ou poulains,
4460 3982 4774 4138 Bœufs ou vaches.
5040 3994 5060 4144 5
4450 4020 5070 4182 Moutons ou brebis . . . . . 75
4402 4146 5136 4186 Soit une valeur de cinq mille francs envi¬
4400 4182 5142 4226 on, prélevée sur une tribu qui ne compte
4390 4218 4806 4254 pas plus de cent tentes.
4404 4338 5134 4382 Epluchons les derniers cancans législa¬
4372 4378 4464 4410 tifs :
4396 4434 5144 4474 Après la lecture du message, M. Emile Ol¬
4388 4470 5146 4514 ivier, ayant rencontré M. Jules Simon dans
4392 4506 5144 4548 es couloirs du Corps législatif, lui a dit d'un
4376 4542 4672 4572 air triomphant :
4408 4506 5130 4670 — Eh bien ! nous avons un nouveau mi¬
4360 6950 5098 6990 il la reprodiations de ce pontin est autes
4358 6984 5112 7028 risée pour les journaux qui ont traité avec la
4356 7022 4836 7058 Société des gens de lettres.
